2967 4650
676 218 713 283 31

164 408 167 413 ’
209 390 287 458 Hee.
364 390 389 470 I,
411 385 457 470 ’2,
470 384 510 454 ld
533 383 654 468 ‘Quem
666 384 783 471 cupida
792 407 880 455 erem
892 390 954 456 huc
964 387 1130 468 redeundi,
1142 384 1267 455 abeun-

549 493 582 558 di
604 512 624 559 e
646 493 776 572 milite’,
817 490 820 495 ’

448 596 507 663 ΑΙ)
530 595 705 663 ‘abeundi'
729 593 833 675 omis,
857 594 931 661 add.
953 594 997 660 D¹
1019 597 1052 660 in
1074 615 1182 682 marg.-

347 703 389 782 ΙΙ,
416 708 443 781 1,
468 706 508 766 32
533 701 582 765 ‘in
601 707 635 766 te
651 699 754 766 omnis
768 698 882 765 haeret
897 699 990 782 culpa
1006 701 1075 766 sola
1089 700 1267 779 Sostrate‘,

276 851 280 858 -
402 806 508 872 AD'G
531 805 637 871 ‘sola’
661 805 763 884 omis,
786 804 865 870 edd⁸⁴
883 803 929 868 D'

341 908 388 992 V,
411 917 442 990 4,
470 915 511 975 13
532 909 660 975 ‘Sinam
682 910 751 974 sine
774 925 906 973 munere
928 927 949 973 a
969 925 1020 973 me
1044 906 1163 987 abire’,

453 1014 510 1079 AD
535 1014 626 1079 omis.
651 1017 688 1078 ‘e
710 1012 790 1078 me'.

125 1164 127 1169 .
212 1119 295 1184 Pho..
334 1116 393 1198 III,
418 1122 447 1199 2,
470 1123 512 1183 46
536 1121 648 1184 ‘utut
670 1116 778 1194 haec’‚
801 1116 859 1180 AD
883 1116 1021 1181 alterum
1044 1116 1112 1183 ‘ut’
1136 1116 1227 1183 omis.

125 1253 127 1258 ·
211 1222 390 1302 HeautIV,
414 1227 444 1302 4,
471 1226 511 1286 12
535 1226 649 1303 ‘etque
673 1219 867 1298 adservari’,
891 1219 951 1285 AG
973 1223 1089 1301 ‘atque
1111 1219 1252 1287 servari’

127 1368 131 1378 ·
212 1326 290 1392 Pho.
350 1324 393 1410 II,
410 1329 446 1406 2,
472 1331 512 1390 12
536 1329 618 1389 ‘non
640 1326 690 1390 ite
711 1328 772 1389 est:
795 1322 918 1388 fectum
939 1328 991 1389 est
1012 1322 1152 1404 perich',

486 1430 515 1495 D
538 1429 628 1510 prius
651 1427 736 1493 ‘est’
759 1427 860 1506 omis,
884 1444 966 1491 corr.
990 1424 1035 1490 Di
1121 1424 1149 1447 ”

349 1528 352 1535 “
403 1548 407 1553 ’
489 1535 518 1598 Α
541 1535 622 1598 ‘non
644 1531 698 1597 ita
716 1530 796 1615 est’,
812 1526 905 1596 '‘est’
927 1530 993 1595 ind.
1017 1548 1098 1596 corr.
1121 1548 1186 1596 rec.

495 1637 521 1707 F
544 1637 624 1703 ‘non
646 1636 694 1702 ite
717 1641 769 1702 est
790 1632 893 1721 sectili
917 1631 1072 1719 periclnlt⁴

17 1800 18 1835 ,
213 1741 370 1807 Addimus
391 1741 473 1805 Eun.
495 1740 561 1822 IV,
585 1746 621 1820 7,
646 1744 686 1804 27
698 1788 706 1821 ,
738 1736 794 1804 ubi
820 1738 910 1809 ADG
940 1737 1024 1807 falso
1053 1738 1179 1803 ‘illam‘
1208 1756 1268 1820 pro

126 1845 233 1911 f'eam'
264 1841 439 1925 praebent,
459 1847 504 1908 ¹et
525 1843 642 1913 Hecut
659 1842 716 1925 .V,
747 1847 785 1923 1,
816 1847 876 1926 79,
906 1839 962 1909 ubi
991 1841 1116 1909 librarii
1138 1842 1268 1908 AD¹GF

126 1947 300 2014 ‘ridiculo'
323 1965 381 2028 pro
405 1945 614 2012 ‘deridiculo'
636 1951 822 2028 posuerunt.
1132 2012 1134 2018 .

146 2071 147 2074 ¹
169 2063 170 2066 ’
211 2053 354 2118 Restant
373 2050 435 2118 duo
459 2050 530 2132 loci,
554 2048 670 2132 quibus
690 2069 755 2119 non
782 2049 966 2117 tamtccile
988 2053 1162 2116 concentus
1184 2050 1269 2117 ensis

17 2140 18 2199 ]
126 2159 216 2222 stere
245 2154 360 2235 potuit.
404 2153 483 2219 Pho.
506 2153 540 2231 I,
564 2158 645 2232 4,4
676 2152 784 2234 Umpf.
805 2154 946 2234 recepit,
982 2152 1116 2235 quaesi
1148 2153 1267 2219 tradit:

128 2263 222 2327 ‘nem
252 2270 314 2326 non
344 2262 455 2340 potest
483 2257 581 2324 celeri
603 2261 720 2326 nostra
745 2255 866 2322 diutius
885 2257 954 2339 J'am
976 2248 1137 2324 audecia’l
1159 2258 1270 2324 -At

17 2375 18 2388 ³
127 2364 289 2446 scripture
309 2363 415 2442 ADG,
447 2363 502 2445 qui
525 2363 624 2445 ‘Jam’
647 2362 817 2444 omittunt,
841 2362 905 2428 leni
926 2359 1097 2428 verbomm
1118 2368 1269 2445 transpo-

17 2469 18 2540 ξ
126 2469 245 2536 sitione
268 2468 376 2534 sanari
399 2470 543 2549 postest:
567 2470 655 2532 ‘nem
676 2485 739 2533 non
762 2472 872 2548 potest
894 2466 1015 2533 diutius
1037 2466 1137 2533 celari
1157 2473 1270 2534 nostre

17 2571 18 2616 3
126 2571 291 2652 eudecie’,
315 2588 410 2654 quem
429 2571 650 2653 ,conjecturam
665 2571 706 2637 H.
725 2571 854 2653 Sauppe
875 2575 1067 2652 praeceptor
1083 2571 1269 2640 carissimus

125 2676 262 2760 benigne
283 2695 410 2742 mecum
431 2676 686 2742 communicavit

213 2782 296 2846 Eun.
307 2782 365 2861 III,
381 2787 474 2865 3,13.
521 2781 602 2848 ‘Ubi
614 2781 721 2864 friget,
732 2781 795 2847 huc
807 2781 920 2861 evasit,
933 2799 1027 2863 quem
1038 2780 1164 2863 pridem
1173 2787 1271 2863 peter

519 2886 599 2951 Mihi
611 2890 645 2951 et
654 2891 760 2951 mater
772 2885 890 2951 mortui
903 2890 1025 2963 essent3
1043 2885 1114 2950 dico
1121 2885 1191 2966 jam
1203 2886 1268 2952 diu.

520 2989 587 3056 Rus
603 2988 693 3054 Sunii
709 2988 834 3070 ecquod
854 2986 992 3053 habeam
1014 2993 1048 3053 et
1063 3006 1159 3070 quam
1175 2988 1269 3072 longe

558 3114 577 3161 a
599 3083 708 3173 mori'.
941 3167 942 3170 Ἴ

519 3199 608 3264 ADG
630 3217 689 3281 pro
713 3196 883 3265 ‘habeam'
908 3195 1095 3263 ‘haberem’
1112 3193 1271 3279 praebent

123 3316 255 3366 uersum
283 3299 538 3381 pessumdantes.
584 3304 630 3369 Ut
659 3303 805 3383 videtur,
839 3302 1059 3384 conjunctivus
1088 3300 1270 3383 imperfecti

125 3403 209 3468 inA
240 3408 274 3469 et
302 3402 363 3468 DG
395 3403 520 3485 positus
550 3411 600 3471 est
631 3426 691 3488 pro
724 3406 917 3488 conjunctivi
950 3406 1132 3487 praesentis
1165 3404 1269 3472 forme

126 3513 260 3589 propter
281 3507 527 3573 autecedentem
549 3511 784 3592 conjunctivum
806 3510 941 3574 ‘mortui
964 3510 1099 3574 essent’.
1122 3544 1167 3557 —

214 3613 359 3677 Tertium
371 3613 476 3677 locum
490 3610 683 3696 subjungere
698 3616 796 3681 liceat
806 3615 923 3680 Heaut.
936 3614 992 3696 IV,
1009 3619 1038 3693 3,
1055 3619 1108 3678 15:
1133 3611 1270 3680 ‘frustra

17 3767 19 3812 ,
129 3731 258 3793 operam
273 3716 388 3797 opinor
402 3716 517 3800 sumo’,
539 3716 595 3783 ubi
608 3717 683 3784 D¹G
705 3723 781 3801 post
804 3718 949 3799 ‘opinor’
975 3716 1091 3783 ‘hanc'
1113 3717 1268 3799 inserunt,

17 3825 19 3828 ·
127 3833 224 3896 quem
251 3839 361 3885 vocem
383 3821 412 3886 A
434 3839 498 3885 non
525 3821 559 3887 in
580 3827 731 3888 contextu
755 3823 805 3906 (ut
831 3820 940 3903 Umpi.
962 3820 995 3885 in
1029 3825 1186 3901 apparatu
1210 3819 1268 3885 ed·

127 3921 254 4004 notat),
286 3924 343 3989 sed
365 3946 385 3992 a
406 3945 504 3991 manu
535 3926 639 3991 altera
672 3944 771 4008 supra
802 3944 930 3992 versum
963 3923 1107 3991 additam
1139 3922 1270 3991 exhibet

128 4026 273 4091 tested.
297 4027 474 4097 Michaelis.
520 4030 569 4113 (0.
594 4029 716 4113 Sydon.
741 4031 762 4095 l.
787 4031 817 4096 d.
841 4035 909 4111 p.6
933 4029 1087 4096 audacius
1115 4030 1270 4112 conjecit:

127 4148 259 4212 operam
283 4131 377 4218 opino
399 4133 481 4200 hanc
504 4135 619 4219 sumo.)
725 4179 730 4192 ·

212 4234 335 4312 Quibus
357 4239 544 4318 praemissis
566 4239 743 4306 transimus
766 4238 808 4304 ed
831 4255 887 4303 eos
909 4255 1040 4320 versus,
1071 4235 1127 4302 ubi
1150 4236 1173 4299 Δ
1198 4254 1268 4300 cum

126 4340 154 4404 A
186 4343 329 4411 sociatus
363 4343 508 4411 Terentii
544 4344 646 4412 verbe
680 4348 847 4427 praestet,
880 4341 910 4407 Π
943 4340 984 4409 ab
1020 4342 1081 4408 hoc
1112 4356 1269 4407 consensu
