2967 4650
657 1021 835 1121 Vita.

257 1255 363 1323 Natus
392 1250 462 1324 snm
491 1257 739 1326 Fridericus
772 1258 1006 1326 Guilelmus
1028 1257 1260 1323 Prinzhorn
1282 1277 1311 1324 a.

173 1360 204 1426 d.
226 1360 273 1426 IX
296 1361 363 1428 Cal.
387 1362 484 1428 Mart.
517 1381 545 1429 a.
572 1368 655 1429 1859
688 1365 722 1429 in
753 1364 904 1447 oppidulo
934 1362 1099 1444 Burgdori
1125 1360 1313 1444 parentibus

172 1463 342 1543 Guilelmo,
364 1466 612 1549 ludimagistro,
636 1473 670 1534 et
687 1466 882 1534 Guilelmina
904 1472 1033 1548 egente
1047 1466 1151 1547 Riplre
1167 1464 1311 1544 oriunda,

173 1586 253 1650 quos
286 1569 390 1636 adhuc
422 1571 530 1637 rivere
563 1571 696 1654 gaudeo.
752 1572 864 1637 Fidem
901 1569 1055 1652 profiteor
1086 1569 1312 1652 evangelicam.

173 1671 290 1738 Primis
312 1675 496 1740 litterarum
518 1675 687 1741 elementis
708 1673 849 1740 imbutus
880 1692 963 1739 anno
985 1672 1104 1739 aetatis
1126 1670 1313 1737 duodecimo

172 1774 380 1858 Gymnasium
404 1778 550 1843 Cellense
573 1778 657 1857 adii,
690 1779 775 1859 quod
803 1797 863 1860 per
890 1796 947 1843 sex
969 1795 1069 1844 annos
1091 1781 1126 1841 et
1148 1776 1314 1841 dimidium

171 1877 384 1960 frequentavi.
428 1881 630 1948 Maturitetis
647 1882 792 1948 examine
808 1885 960 1962 superato
983 1899 1059 1946 vere
1081 1898 1110 1945 a.
1129 1884 1211 1944 1877
1227 1878 1312 1944 inter

172 1983 258 2049 cives
289 1985 490 2051 academicos
522 1986 751 2068 Gottingenses
782 1990 933 2066 receptus
964 2002 1045 2051 sum.
1090 1983 1179 2049 Duos
1212 2001 1312 2049 annos

170 2086 204 2150 in
227 2104 267 2152 ea
289 2088 375 2154 alma
395 2089 580 2154 litterarum
601 2090 678 2155 sede
699 2095 859 2167 uersatus,
881 2092 919 2153 nt
939 2087 1074 2152 militiae
1095 2103 1228 2152 munere
1244 2086 1312 2167 jam

172 2187 333 2271 fungerer,
357 2189 533 2273 Tubingam
546 2211 598 2258 me
621 2193 752 2259 contuli.
798 2190 957 2273 stipendii
978 2209 1062 2256 anno
1084 2194 1216 2271 peracto
1232 2188 1311 2254 Got-

172 2292 302 2376 tingam,
327 2294 410 2360 redii
442 2294 549 2379 ibique
582 2302 650 2364 tres
684 2315 786 2365 annos
817 2300 1032 2363 commoratus
1064 2312 1145 2361 eum.
1196 2292 1312 2359 Audiui

171 2403 280 2464 autem
299 2399 496 2467 disserentes
511 2399 675 2484 Tubingae
696 2401 846 2482 Rohde,
870 2402 918 2467 de
941 2397 1144 2478 Schwabe,
1167 2396 1311 2474 Flaoh3

173 2501 346 2584 Gottingae
369 2504 549 2586 Sauppe,
573 2506 619 2571 de
641 2504 841 2584 Leutsch,
868 2503 1056 2585 Dilthey,
1086 2498 1311 2582 Volquard-

171 2623 261 2686 sen,
283 2606 333 2672 W.
357 2606 528 2688 Mulier,
550 2609 780 2689 Baumann,
802 2608 947 2688 Lotze,
969 2604 1190 2684 Wieseler,
1212 2604 1311 2670 Ben-

170 2707 255 2792 iey,
279 2709 491 2790 Goedelre,
514 2712 623 2795 Fick,
646 2710 762 2794 quibus
784 2710 931 2777 omnibus
952 2710 1088 2777 multum
1109 2705 1220 2775 debeo.
1266 2706 1312 2772 Ut

169 2810 452 2878 exercitationibus
473 2816 697 2894 proseminarii
725 2821 760 2880 ct
785 2815 951 2881 seminarii
972 2812 1158 2896 philologici
1180 2810 1308 2877 Gottin-

170 2916 279 2998 gensis
299 2916 491 2981 interessem
513 2918 635 2983 sodalis
654 2936 713 2999 per
734 2936 831 2983 unum
848 2923 1004 2983 semestre
1026 2914 1310 2993 extraordinarius,

170 3038 230 3103 per
244 3022 310 3086 tria
323 3020 515 3101 ordinarius,
536 3021 753 3103 permiserunt
771 3021 851 3086 mihi
868 3019 909 3085 de
922 3019 1111 3099 Loutsch,
1135 3019 1309 3099 Sauppe,

171 3124 360 3207 Dilthey,
399 3124 515 3190 deinde
550 3125 725 3207 Sauppii
757 3122 980 3191 benevolentia
1017 3123 1106 3205 regio
1139 3120 1310 3188 seminario

170 3228 390 3313 paedagogice
421 3229 604 3311 adscriptus
631 3247 719 3308 eum;
748 3248 808 3295 nec
837 3246 902 3293 non
923 3226 1089 3293 societatis
1109 3224 1311 3309 germanicae

170 3331 335 3398 Mollerc
352 3332 432 3400 duce
446 3332 590 3400 florentis
612 3330 896 3400 exercitationibus
917 3348 976 3413 per
998 3332 1121 3413 aliquot
1141 3327 1312 3397 semestris

169 3435 312 3503 interfui.
