2967 4650
766 207 807 268 22

303 369 500 454 Quamquam
516 374 677 440 Donatum
699 375 813 441 eadem
834 375 962 456 legisse,
984 392 1080 442 versu
1103 375 1361 459 comprobature

215 469 322 542 Plauti
344 477 447 542 milite
477 477 618 559 glorioso
641 478 779 544 collatu:
814 477 912 544 ‘Nam
934 496 970 544 os
992 479 1209 547 columnatum
1240 485 1359 561 poetae

214 597 287 646 esse
309 580 451 646 inaudivi
476 578 656 661 barbaro’,
688 586 797 648 tamen
820 582 936 648 lemma
964 601 1035 648 cum
1064 582 1157 650 libris
1180 584 1260 651 Call.
1283 583 1358 650 dat:

214 687 330 766 ‘atque
352 685 461 750 hercle
483 702 543 767 ago
566 704 692 768 quoque
715 686 805 751 illam
827 685 935 752 audivi
958 684 1101 753 fabulam
1110 688 1127 753 '.

300 787 357 854 cfr.
380 789 458 854 Pho.
482 788 521 868 V,
546 794 576 869 8,
602 794 658 869 303
682 794 712 869 9,
737 794 792 870 39;
815 789 894 856 Hec.
912 791 994 871 prol.
1017 790 1060 870 Π,
1086 796 1142 872 13;
1165 792 1301 872 153111,
1327 798 1358 872 1,

212 895 272 969 263
296 892 355 958 Ad.
380 892 464 974 prol.
491 892 614 973 16;Π,
638 897 669 972 2,
693 898 751 974 38;
774 899 835 973 40;
857 893 897 973 V,
922 898 951 973 3,
976 899 1010 974 53
1034 901 1064 975 8,
1089 899 1141 961 23.

298 996 379 1063 Cum
399 997 500 1079 igitur
521 996 556 1062 id
577 1000 777 1079 compertum
798 995 984 1078 habeamus,
1010 999 1197 1064 lemmatum
1218 999 1359 1081 plurima

210 1099 254 1165 ad
275 1098 377 1168 libros
393 1102 604 1168 Terentianus
621 1101 842 1184 calliopianae
863 1102 1061 1169 recensionis
1080 1122 1153 1185 esse
1168 1104 1356 1185 constituta,

209 1204 378 1286 quidest,
413 1223 470 1272 cur
491 1224 554 1271 non
576 1224 785 1287 censeamus,
818 1204 874 1273 ubi
903 1206 1057 1274 lemmata
1086 1225 1159 1274 cum
1181 1207 1272 1274 codd.
1294 1208 1357 1275 DG

208 1308 260 1373 vel
283 1309 441 1376 alterutro
475 1310 680 1392 conspirant,
714 1309 760 1376 ibi
793 1310 851 1376 illa
880 1329 920 1376 ex
942 1309 1011 1391 his,
1045 1329 1110 1376 non
1136 1311 1196 1378 hos
1227 1312 1356 1378 axillis
1454 1356 1455 1361 ,

207 1416 351 1480 mutatos
374 1413 472 1480 esse?
515 1413 554 1480 id
577 1415 675 1481 etiam
698 1414 802 1498 magis
830 1414 1006 1481 verisimile
1029 1420 1098 1497 est,
1131 1417 1205 1498 quia
1234 1417 1287 1481 vix
1316 1434 1356 1482 ea

208 1522 334 1596 aetate,
357 1535 421 1601 qua
436 1518 497 1585 DG
513 1520 636 1586 exarati
659 1524 747 1599 sunt,
770 1521 1020 1587 communiamus
1041 1521 1089 1586 ita
1108 1521 1177 1603 jam
1198 1520 1354 1602 deprava-

206 1627 261 1688 tus
282 1620 355 1701 fuit,
377 1627 415 1688 ιιι
435 1622 532 1689 hodie
555 1628 671 1690 exstat.
714 1624 800 1689 Nam
820 1624 906 1690 unde
929 1625 1035 1691 credis
1056 1626 1175 1691 multas
1191 1625 1266 1692 illas
1284 1642 1353 1690 cor·

205 1729 320 1807 ruptas
341 1725 516 1807 lectiones,
551 1744 631 1808 quas
660 1728 727 1809 jam
756 1728 791 1791 in
811 1726 932 1793 Donati
954 1725 1047 1795 libris
1071 1727 1172 1794 fuisse
1193 1734 1230 1793 et
1250 1725 1291 1793 ab
1312 1743 1350 1792 oo

205 1833 356 1911 receptas
393 1847 465 1896 asse
503 1848 596 1896 nemo
634 1827 773 1912 putabit,
806 1830 840 1894 in
862 1830 1126 1897 commentarium
1157 1829 1352 1912 irrepsisse?

206 1931 281 1997 Sine
303 1930 401 1998 (lubio
423 1933 536 2015 opinor
558 1953 597 1999 ex
618 1932 729 2000 libris:
761 1951 837 1999 num
857 1933 891 1998 in
912 1933 983 2013 his,
1015 1952 1079 1999 non
1107 1935 1140 1998 in
1171 1937 1352 1998 commento

206 2053 305 2102 causa
327 2039 414 2117 erat,
447 2055 504 2102 eur
526 2036 651 2104 librarii
679 2042 797 2119 poetae
819 2035 919 2103 verba
939 2036 1007 2103 suis
1029 2036 1165 2118 argutiis
1187 2040 1352 2101 ornarent.

204 2140 382 2223 Propterea
416 2146 550 2223 apertae
583 2141 736 2219 mendae,
777 2143 811 2207 in
850 2140 965 2223 quibus
999 2142 1153 2206 lemmata
1187 2157 1260 2205 cum
1292 2139 1355 2207 DG

205 2245 408 2325 conspirant,
443 2248 495 2310 ex'
512 2245 623 2311 codice
654 2247 696 2311 ad
727 2244 813 2313 hanc
842 2244 981 2311 classem
1005 2244 1189 2327 pertinente
1210 2242 1245 2306 in
1267 2260 1354 2308 com·

204 2349 398 2415 mortarium
425 2350 583 2432 migrasse
604 2350 773 2432 videntur,
802 2368 866 2415 non
889 2368 929 2414 ex
950 2348 1011 2415 hoc
1033 2350 1066 2413 in
1088 2348 1218 2414 illorum
1240 2348 1353 2414 arche-

203 2458 324 2533 typum.
369 2451 453 2518 Nam
476 2471 558 2535 quae
581 2458 633 2519 est
652 2453 742 2535 origo
766 2452 835 2535 ejus
851 2450 1047 2517 scholiorum
1063 2449 1247 2533 farraginis,
1270 2470 1354 2533 quae

203 2556 267 2621 viri
290 2557 473 2623 clarissimi,
493 2576 609 2624 nomen
638 2576 718 2639 prae
749 2575 785 2624 sa
807 2555 890 2635 fert,
923 2554 1005 2620 nihil
1036 2560 1106 2634 est,
1140 2549 1198 2621 cur
1226 2573 1291 2620 non
1316 2561 1355 2622 ut

204 2660 319 2726 classis
343 2659 371 2723 ll
395 2661 444 2726 ita
466 2662 565 2726 etiam
588 2662 702 2727 classis
719 2661 742 2725 Δ
759 2661 938 2742 scripturas
969 2678 1007 2725 eo
1022 2659 1179 2726 invasisse
1192 2664 1351 2741 putemus,

201 2762 397 2844 praesertim
418 2781 490 2830 cum
512 2762 655 2830 familiae
676 2765 857 2846 promiscue
879 2763 954 2829 illas
970 2763 1135 2844 sequentis
1158 2763 1351 2846 exemplaria

202 2866 287 2932 satis
309 2865 475 2948 divulgata
497 2866 627 2934 fuerint.
673 2867 745 2951 (cfr.
771 2865 877 2948 Umpf.
900 2885 931 2947 p.
954 2866 1083 2949 LXIX.)

289 2970 340 3037 Nc
372 2975 482 3039 tamen
503 2970 643 3055 negandi
666 2972 813 3054 cupidior
845 2970 974 3050 videar,
1008 2989 1072 3038 non
1103 2989 1187 3056 nego
1210 2970 1350 3038 fortasse

202 3073 256 3140 hic
277 3074 345 3140 illic
372 3094 390 3140 e
413 3075 541 3142 Donato
562 3081 705 3143 mutatos
727 3075 789 3143 DG
811 3075 876 3159 (vel
898 3074 933 3153 Δ)
967 3092 1058 3154 asse,
1093 3075 1264 3157 praecipue
1294 3072 1350 3141 ubi

203 3197 314 3244 eorum
336 3175 517 3261 scripturae
539 3185 643 3247 metro
666 3180 867 3247 conveniunt.
913 3178 1010 3262 (Nam
1031 3178 1168 3244 metrica
1190 3184 1262 3245 arte
1281 3197 1352 3245 cor·
1456 3209 1457 3228 ι

203 3281 409 3349 rectoremA
441 3284 585 3350 caruisse
619 3303 658 3349 ex
691 3285 812 3351 misera
844 3281 1026 3348 conditione
1056 3299 1206 3348 versuum
1235 3282 1268 3346 in
1290 3280 1350 3345 DG

204 3384 422 3470 intelligitur.)
466 3387 560 3454 Talia
582 3393 674 3454 sunt:
1116 3447 1117 3450 ,

292 3490 370 3558 Pho.
393 3491 419 3570 I,
442 3495 473 3570 2,
497 3496 556 3558 48:
663 3487 735 3556 ‘All
761 3490 984 3571 ‘cognatus'..

676 3593 737 3660 DG
760 3593 918 3658 ‘vicinus'
948 3612 1020 3660 cum
1042 3593 1124 3660 Don.
1148 3596 1263 3676 quater
1278 3591 1306 3657 i.
1329 3591 1351 3657 l.

291 3700 373 3765 Eun.
382 3698 421 3780 V,
444 3704 475 3778 8,
499 3702 540 3764 26
562 3695 738 3785 Ι)1(Β)(1112
761 3696 957 3764 ‘collibitum
978 3698 1046 3765 est'
1075 3715 1135 3780 pro
1161 3694 1352 3763 ‘collibuit'.

292 3803 353 3870 Ad.
363 3803 422 3883 Ill,
445 3808 476 3883 3,
499 3808 560 3870 89:
648 3800 740 3872 ΑΗΘ
763 3800 866 3868 ‘haud
883 3801 954 3872 citu
976 3801 1054 3869 mali
1076 3799 1180 3883 quid'.

707 3907 738 3972 D
762 3904 866 3972 ‘haud
887 3906 954 3972 scio
977 3904 1055 3971 mali
1076 3902 1126 3984 q.’
1148 3902 1170 3967 1.
1193 3920 1258 3969 ras.

379 4009 421 4089 Π,
444 4016 474 4091 4,
497 4017 517 4076 4
697 4011 740 4091 (Α
763 4013 840 4092 ‘ego
862 4009 951 4074 illam
974 4025 1048 4073 vero
1072 4005 1220 4090 omitto’)

680 4112 741 4179 llG
765 4116 840 4195 ‘ego
864 4114 954 4179 illam
976 4110 1071 4178 facile
1093 4130 1170 4179 vero
1193 4111 1270 4175 om'.

553 4219 633 4284 Don.
655 4219 675 4285 i.
700 4218 739 4283 l.:
764 4222 840 4300 ‘ego
862 4217 953 4283 illam
974 4214 1083 4284 hercle
1104 4233 1180 4281 voro
1195 4211 1283 4277 ·om.⁷

713 4323 742 4389 D
765 4327 933 4403 utramque
957 4320 1125 4387 lectionem
1147 4316 1295 4384 socians:

1455 3289 1457 3336 l

1456 3451 1457 3496 l

1456 3581 1457 3632 l
