2967 4650
722 252 760 311 15

172 432 209 479 re
231 413 271 479 de
295 412 486 494 integritate
509 414 653 495 ipsarum
674 413 856 480 fabularum
878 434 942 481 non
963 418 1086 483 maiore
1105 418 1316 499 jureconolu-

173 518 278 595 ditur,
309 535 407 598 quam
438 516 528 596 inde,
552 516 636 598 quod
659 517 820 583 inclusae
843 516 872 581 ll
899 518 1045 602 (excepto
1068 521 1109 604 B)
1131 540 1244 590 versus
1267 525 1315 589 di-

173 621 285 687 stincti
308 626 394 699 sunt,
419 620 452 684 in
474 618 497 682 Δ
520 638 670 686 versuum
682 620 848 703 discriptio
860 621 929 688 fere
941 640 1098 704 nusquam
1112 630 1243 691 servata
1254 631 1314 692 est.

258 722 394 789 Omnino
426 742 497 789 oum
531 743 571 789 ex
604 729 738 791 externa
759 726 904 791 codicum
936 726 1068 806 specie,
1091 728 1175 806 quod
1196 746 1314 810 propo·

173 829 270 895 situm
293 832 353 905 est,
377 826 552 907 disceptari
574 847 638 892 non
659 829 778 909 possit,
802 829 982 910 scripturae
1005 829 1149 910 singulae
1171 830 1257 896 inter
1279 849 1315 898 se

173 929 405 1012 comparandae
436 934 532 1012 sunt,
568 949 663 1012 quam
690 949 760 996 rem
793 931 841 996 ita
863 932 1087 1010 instituemus,
1110 937 1147 997 ut
1177 934 1315 1014 primum

173 1050 374 1116 quaeramus,
397 1051 473 1098 num
494 1032 717 1114 Umpienbach
745 1034 786 1100 de
808 1032 934 1098 ratione
958 1034 1051 1099 codd.
1073 1034 1133 1100 DG
1155 1040 1244 1101 reete
1263 1038 1316 1118 ju·

173 1137 339 1205 dicaverit.
363 1173 402 1184 -

261 1240 539 1307 Praemonendum
557 1245 621 1321 est,
645 1241 905 1321 similitudinem,
936 1259 1018 1322 quae
1041 1241 1127 1305 inter
1147 1241 1176 1304 A
1198 1245 1233 1306 et
1253 1242 1315 1308 DG

173 1344 355 1423 intercedit,
377 1361 441 1408 non
463 1343 510 1410 sic
533 1362 629 1425 posse
652 1345 816 1427 explicari,
839 1349 877 1410 ut
897 1344 967 1424 hos,
985 1342 1182 1426 ubicumque
1205 1347 1317 1411 cumA

174 1448 360 1529 conspirant
383 1451 495 1513 contra
517 1451 653 1526 ceteros,
677 1467 695 1512 e
716 1449 837 1513 Donati
871 1452 1048 1513 commento
1078 1452 1221 1515 mutatos
1244 1466 1317 1514 esso

173 1568 348 1636 ponamus,
382 1549 467 1631 quod
499 1549 604 1631 ipsum
635 1568 706 1615 cum
737 1551 891 1617 Bembino
923 1550 1124 1634 congruerit:
1147 1569 1221 1616 nam
1244 1568 1316 1617 cum

173 1656 213 1721 iis
235 1655 332 1734 locis,
365 1653 407 1719 ad
438 1670 518 1733 quos
550 1653 646 1719 hodie
679 1655 803 1721 scholia
830 1656 1014 1721 Donatiana
1036 1656 1172 1735 desunt,
1208 1655 1316 1722 dicere

174 1759 290 1841 aliquis
311 1757 425 1840 possit,
447 1775 487 1821 ea
517 1754 657 1823 fortasse
685 1763 775 1838 tum,
812 1760 930 1826 eumd
952 1764 1116 1826 correctus
1138 1760 1192 1839 sit,
1215 1760 1314 1825 exsti-

175 1863 270 1942 tisse,
293 1861 490 1938 luculenter,
514 1860 600 1941 quod
635 1861 798 1941 uolumus,
832 1862 873 1927 iis
895 1863 975 1928 locis
997 1859 1239 1943 comprobatur,
1261 1861 1317 1928 ubi

173 1964 235 2030 Dc
256 1983 328 2031 cum
349 1963 378 2028 A
400 1961 674 2031 consentientibus
695 1965 843 2032 Donatus
872 1964 1042 2031 lectionem
1072 1970 1254 2031 ceterorum
1275 1966 1314 2029 li-

174 2068 307 2135 brorum
328 2072 472 2135 testatur
494 2072 551 2134 aut
573 2067 660 2134 solus
683 2074 761 2135 stat.

262 2172 327 2239 Cir.
350 2172 429 2238 Hec.
451 2173 507 2253 IV,
531 2178 560 2251 3,
585 2177 620 2237 2:
653 2174 758 2239 ‘Istuc
790 2176 842 2237 est
874 2189 1009 2253 sapere,
1044 2171 1098 2253 qui
1120 2171 1311 2254 ubicumque

176 2295 256 2359 opus
277 2276 330 2356 sit,
353 2276 492 2343 animum
515 2274 620 2357 possit
641 2274 771 2342 flectere
781 2275 800 2340 '.
824 2274 883 2355 (sic
905 2274 979 2355 AD3
1004 2273 1032 2340 G
1054 2273 1196 2359 deficit).
1225 2312 1260 2325 -·

260 2379 288 2443 ll
312 2380 443 2446 exhibet
476 2379 618 2460 ‘possis’
649 2398 720 2446 cum
742 2380 824 2445 Don.
847 2379 868 2443 i.
895 2378 928 2457 l,
962 2397 1056 2459 quem
1087 2396 1162 2446 vere
1185 2380 1246 2446 hoc
1268 2381 1314 2446 le-

174 2485 260 2567 gisse
283 2485 400 2550 docent
421 2484 491 2565 ejus
513 2482 629 2550 verba:
654 2484 743 2565 ‘qui'
766 2482 929 2549 interdum
951 2481 1104 2548 abundat,

260 2605 338 2670 Hec.
422 2605 460 2686 V,
486 2610 515 2685 1,
539 2609 581 2670 20
603 2604 631 2669 A
652 2605 745 2671 ‘dum
767 2604 828 2670 tibi
850 2609 977 2687 tempus
1000 2603 1186 2669 consulendi
1208 2603 1284 2669 est’.

599 2712 628 2775 D
651 2710 745 2776 ‘dum
767 2707 843 2794 tibi’
868 2754 1006 2773 .....
1031 2706 1075 2789 (G
1096 2704 1228 2789 deficit).

600 2810 629 2877 11
654 2812 748 2878 ‘tibi'
771 2811 879 2879 omisit
897 2829 969 2876 cum
981 2810 1073 2888 Don,
1097 2809 1314 2892 quiadnotat:

174 2911 226 2979 bis
268 2911 522 2981 subaudiendum
555 2921 607 2982 est
654 2915 757 2981 ‘tibi’.
780 2950 823 2963 —

261 3033 319 3099 Ad.
402 3034 459 3115 III,
483 3041 513 3116 4,
537 3041 578 3101 62
602 3036 631 3101 A
675 3035 817 3102 ‘utinam
839 3034 892 3099 hic
921 3033 965 3099 sit
986 3030 1080 3096 modo
1103 3028 1314 3097 defunctum'.

598 3192 659 3257 DG
834 3147 934 3274 ‘h{c’,
958 3205 1040 3253 corr.
1063 3185 1153 3254 θ’θ’

601 3293 629 3357 ll
834 3292 927 3357 ‘hoc’
963 3309 989 3357 c.
1013 3292 1101 3357 Don:
1142 3291 1246 3370 ‘hoc’,
1279 3292 1314 3358 id

175 3402 225 3463 est
248 3397 455 3481 ‘negotium'.
479 3434 523 3445 -

258 3521 341 3586 Eun.
364 3520 402 3600 V,
427 3525 457 3599 8,
482 3524 532 3585 63.
556 3519 672 3584 ADGE
707 3518 758 3603 (B,
781 3516 836 3600 qui
857 3517 891 3581 in
912 3517 973 3582 hac
995 3515 1107 3582 fabula
1129 3516 1168 3581 de
1191 3515 1314 3582 Victor.

173 3622 354 3705 descriptus
377 3622 469 3706 est.):
507 3623 621 3688 ‘Dixin
643 3641 701 3706 ego
733 3623 767 3688 in
788 3622 849 3687 hoc
878 3639 951 3687 esse
972 3619 1062 3687 vobis
1083 3620 1224 3686 Atticam
1247 3621 1312 3686 ele-

176 3726 356 3805 gantiam?²

560 3829 639 3895 Por
663 3829 922 3912 ‘eloquentiam’.

259 3930 344 3996 Don:
368 3933 526 4001 ‘Atticam
554 3934 797 4015 eloquentiam’,
833 3933 909 4015 quia
942 3930 1098 3997 excultior
1129 3931 1313 4014 eloquentia

174 4030 294 4099 dicitur
313 4032 431 4101 Attica.

258 4136 437 4217 Propterea
458 4139 685 4221 quaerentibus
707 4138 818 4218 nobis,
842 4156 923 4221 quae
945 4157 964 4204 e
985 4138 1112 4204 Donato
1135 4138 1168 4203 in
1190 4138 1250 4203 DG
1271 4137 1311 4201 il·

172 4239 240 4307 lata
262 4240 337 4321 sint,
360 4246 484 4306 rectum
504 4246 642 4325 uidetur,
665 4263 721 4311 eos
737 4247 864 4310 tautum
884 4242 974 4308 locos
995 4240 1152 4319 conferre,
1174 4237 1230 4304 ubi
1251 4238 1312 4302 DG

170 4345 297 4412 Donato
320 4347 519 4414 assentiente
541 4353 654 4415 contra
675 4347 704 4412 A
726 4352 760 4413 et
796 4350 922 4412 ceteros
945 4349 1049 4410 stant:
1081 4360 1155 4407 nam
1185 4342 1214 4405 si
1244 4357 1310 4403 orn·
