2967 4650
692 222 733 287 29

143 413 219 463 esse
246 397 401 478 cogatur,
435 391 514 457 nihil
546 390 673 473 obstat,
707 391 784 474 quin
816 393 882 460 illie
912 393 992 461 locis
1014 392 1075 461 DG
1097 412 1136 460 ex
1155 394 1284 477 ingenio

13 546 14 569 2
144 500 271 566 librarii
293 503 350 566 aut
372 515 412 562 ex
433 497 496 562 alio
519 495 608 562 fonte
629 500 772 562 mutatos
794 516 867 564 eaeo
888 495 1042 564 dicamus.
1066 532 1109 544 -

230 603 321 668 Idem
330 601 484 683 judicium
501 600 540 665 de
551 599 673 682 ingenti
685 599 778 681 copia
790 619 940 667 versuum
954 600 1073 681 valere,
1094 596 1150 666 nbi
1161 598 1289 665 librarii

13 668 15 693 ἱ
145 714 205 776 aul
225 705 422 788 negligentia
443 709 501 770 aut
527 702 665 769 obscura
686 702 856 784 diligentia
876 709 992 786 poetae
1013 701 1113 771 rerba
1135 720 1286 784 corrupe-

145 815 241 893 runt,
273 810 326 875 uix
346 814 399 874 eat
419 807 505 890 quod
527 807 655 873 addam.
700 804 842 872 Peccant
862 813 971 873 autem
993 808 1025 874 in
1048 811 1133 875 omni
1154 827 1286 890 genere:

147 915 240 981 cuiue
268 913 316 978 rei
347 912 494 993 exempla
521 910 555 975 in
581 926 707 992 quaque
728 908 798 974 iere
821 911 938 992 pagina
961 912 1111 979 editionis
1133 911 1289 994 Umpfen·

145 1017 324 1084 bachianao
344 1015 556 1081 inveniuntur.
602 1015 649 1079 Ut
666 1017 764 1081 'unum
780 1031 880 1095 genus
894 1013 1037 1081 breviter
1051 1015 1287 1095 adumbremus‚

144 1138 243 1203 saepe
265 1116 567 1202 interpolationibus
588 1136 701 1184 versus
731 1117 899 1199 depravati
929 1124 1022 1202 eunt,
1054 1136 1188 1202 qnamm
1209 1137 1290 1202 pars

146 1224 247 1289 multo
267 1223 371 1288 maior
392 1223 461 1290 sine
485 1220 581 1289 dubio
600 1222 669 1304 iam
690 1222 724 1287 in
747 1222 771 1286 Δ
795 1227 876 1306 erat,
899 1229 936 1290 ut

232 1327 313 1394 Eun.
372 1327 415 1407 11,
438 1332 468 1407 2,
492 1333 511 1392 8
557 1327 651 1408 ‘quid
674 1327 771 1411 [ogis]
794 1322 906 1393 homo’

355 1433 413 1512 III,
438 1437 467 1512 5,
492 1436 532 1495 22
556 1431 675 1513 ‘neque
697 1433 726 1497 is
749 1433 907 1500 deductus
932 1433 1129 1501 etiamdum
1152 1434 1194 1500 ad
1216 1450 1288 1500 eam

574 1534 701 1620 [erat]’.

357 1636 414 1722 IV,
438 1646 467 1719 7,
490 1645 533 1705 40
555 1642 691 1721 ‘quaere
714 1641 769 1722 qui
792 1638 879 1726 [tibi]
902 1639 1125 1722 respondeat’.

373 1741 413 1821 V,
437 1748 467 1823 8,
492 1747 532 1807 59
556 1743 665 1826 ‘[Sed]
680 1750 850 1826 postquam
865 1746 912 1810 eie
926 1762 1032 1809 mores
1048 1743 1174 1809 ostendi
1189 1734 1288 1811 tuoa’.

234 1847 351 1912 Heaut.
373 1844 415 1924 II,
440 1850 469 1923 3,
494 1849 535 1909 78
559 1844 669 1911 ‘mitte
692 1844 771 1930 [ista
793 1847 904 1930 atque]
927 1847 969 1912 ad
990 1848 1058 1911 rem
1079 1847 1151 1912 redi
1159 1847 1178 1912 ‘.

234 1950 296 2019 Ad.
389 1950 415 2033 I,
439 1954 468 2028 2,
493 1953 534 2014 60
558 1950 647 2015 ‘nolo
659 1950 692 2015 in
703 1951 792 2018 illum
804 1952 932 2034 gravius
948 1950 1144 2035 [quicquam]
1157 1951 1290 2018 dicere'.

359 2053 417 2136 III,
442 2058 470 2133 3,
484 2057 534 2118 36
559 2053 718 2120 ‘Haecine
740 2053 810 2157 fieri
833 2054 1004 2140 [flagitie]'.
1026 2090 1070 2101 -

233 2174 396 2239 Nonnulla
419 2174 484 2238 aD
508 2178 564 2238 aut
584 2173 771 2242 Glibrariis
797 2183 873 2243 sunt
894 2176 1016 2258 addita,
1039 2181 1076 2242 ut
1097 2177 1130 2241 in
1146 2176 1175 2241 D
1193 2178 1290 2260 (quae

149 2279 192 2347 ab
215 2280 319 2345 altero
341 2275 474 2343 librario
496 2275 614 2344 lineola
636 2276 787 2347 videntur
810 2278 968 2347 subducta
990 2281 1075 2364 esse)

237 2386 317 2451 Eun.
380 2383 419 2466 V,
444 2387 473 2462 6,
500 2388 540 2447 10
563 2383 747 2465 ‘primitus'
773 2384 830 2470 (ad
853 2383 1050 2470 ‘primum'),
1073 2404 1155 2467 quae
1176 2404 1238 2452 vex
1259 2386 1293 2450 in

574 2472 760 2570 Mea
783 2493 843 2553 est.

235 2591 354 2659 Heant.
392 2592 418 2671 I,
443 2596 472 2672 1,
496 2596 537 2657 94
560 2587 629 2657 ‘hic
652 2609 703 2656 me
725 2610 859 2657 exerceo
881 2587 993 2656 laboro
1016 2586 1145 2672 fatigo'.

378 2695 420 2775 ΙΙ,
444 2700 473 2778 3,
489 2695 752 2777 mo‘persprcox
775 2694 998 2780 aeoricicme'

237 2797 316 2864 Hec.
362 2797 418 2877 IV,
442 2803 472 2878 4,
497 2803 538 2863 46
562 2799 638 2864 ‘sed
660 2796 739 2883 quid
760 2797 908 2883 {uturum
930 2797 1007 2880 quid
1029 2797 1224 2865 iaciemue'l

237 2902 315 2970 Pho.
391 2902 417 2981 I,
440 2907 470 2982 2,
495 2906 533 2965 21
559 2900 732 2968 ‘abeuntes
742 2902 836 2967 ambo
846 2900 1292 2968 hictumsenesmefiliis...’

150 3009 235 3075 alter
256 3004 408 3074 librarius
430 3005 459 3071 D
485 3004 677 3087 scripserat,
702 3024 720 3071 a
739 3004 940 3086 negligenter
964 3003 1149 3086 duplicans:
1181 3007 1295 3070 ‘senec

151 3113 220 3179 eine
240 3111 352 3192 filiie',
387 3127 468 3193 quae
503 3114 571 3175 tum
592 3107 639 3173 D²
659 3108 795 3176 mendae
829 3108 984 3190 originem
1015 3104 1079 3173 non
1106 3106 1219 3175 videus
1246 3105 1295 3175 aic

135 3265 293 3335 ,correxit
314 3223 543 3331 ‘hincmsenes
566 3222 637 3350 εῗῃᾳ
659 3263 763 3336 filiie’.

235 3387 297 3455 Ad.
320 3386 376 3470 IV,
391 3392 422 3469 4,
445 3391 481 3452 5:
505 3390 654 3468 ‘pectore
672 3388 717 3453 nil
732 3388 849 3454 sistere
864 3387 978 3454 concili
996 3386 1093 3470 quit’.
1115 3387 1150 3453 in
1172 3386 1294 3454 archei.

152 3492 176 3556 Δ
199 3492 300 3559 fuisse
322 3491 450 3558 uidetur
471 3491 627 3573 scriptum
652 3492 764 3574 ‘quid'
788 3491 860 3577 (pro
884 3492 1016 3574 ‘quit')‚
1040 3491 1125 3573 quod
1146 3490 1180 3556 in
1193 3488 1296 3557 DGF¹

13 3653 14 3698 3
151 3595 279 3677 legitur.
324 3594 396 3661 Hoc
417 3607 587 3676 perperam
610 3595 840 3678 intelligemD
863 3596 896 3660 in
914 3593 977 3660 fine
994 3595 1120 3662 addidit
1142 3593 1294 3677 ‘potente

236 3715 285 3781 Ne
315 3715 430 3798 longua
460 3715 540 3794 aim,
575 3733 657 3797 qnae
678 3716 739 3782 Di}
764 3716 825 3782 soli
856 3716 951 3797 dant,
983 3715 1055 3782 iere
1083 3715 1190 3782 omnia
1214 3713 1296 3781 talia

13 3809 15 3828 “
153 3820 236 3897 sunt,
258 3823 295 3884 ut
318 3837 338 3885 a
360 3815 502 3885 librariis
524 3817 684 3900 proficisci
703 3820 870 3901 potuerint
886 3838 945 3885 nec
969 3824 1092 3885 certum
1115 3818 1298 3900 corrigendi

151 3918 292 3984 eludium
313 3923 494 3988 ostendant.

144 4067 150 4084 .
239 4020 414 4092 Videamus
436 4027 531 4105 nero,
553 4043 629 4092 uum
648 4026 824 4109 judicium,
848 4026 933 4108 qnod
956 4027 996 4092 de
1017 4028 1079 4094 DG
1102 4026 1142 4094 ab
1164 4025 1223 4091 ΑΠ
1248 4027 1297 4092 di-

149 4124 314 4194 stantibus
346 4127 496 4213 fecimus,
531 4135 643 4196 tenere
673 4132 834 4213 possimus
867 4131 966 4196 etiam
997 4132 1037 4197 de
1068 4130 1161 4196 libris
1193 4131 1297 4214 ,inte-

13 4263 14 4268 κ
150 4229 331 4311 grioribus“
357 4230 564 4317 Galliopianie
588 4234 645 4318 (ll)
676 4255 695 4301 a
725 4253 883 4303 consensu
909 4237 960 4301 ΑΔ
988 4231 1233 4315 recedentibus,
1263 4233 1298 4297 id

13 4353 14 4390 1
150 4343 216 4421 eet,
250 4345 359 4407 ulrnm
389 4339 429 4405 iis
460 4339 556 4423 locis,
591 4338 645 4406 ubi
675 4339 751 4407 libri
773 4341 879 4408 PBOF
902 4341 964 4409 soli
986 4344 1076 4408 alant
1097 4342 1210 4404 contra
1231 4337 1310 4417 ΑΔ,Ι
