2967 4650
734 227 775 289 38

182 397 274 479 cujus
295 394 474 478 archetyp.)
496 399 681 476 corruptum
702 398 776 460 erat
796 392 939 473 mendis,
972 392 1087 476 quibus
1113 395 1174 462 DG
1199 402 1322 477 carent,

181 501 217 567 id
239 501 392 582 quisque,
424 516 537 580 spero,
571 498 726 564 concedat
748 497 848 562 etiam
880 495 921 562 de
952 497 993 562 iis
1015 498 1120 577 vitiis,
1153 517 1236 580 quae
1257 519 1322 567 non

181 603 377 687 negligentia
406 603 465 669 sed
495 602 593 667 nimia
625 601 795 682 diligentia
817 598 994 666 scribarum
1015 607 1088 667 orta
1110 608 1194 669 sunt.
1238 605 1323 671 Nam

182 709 339 790 Oalliopio
361 708 425 789 ipsi
447 726 539 773 nemo
562 726 602 772 ea
623 702 815 788 imputabit3
847 705 932 788 quod
954 711 1063 772 sutem
1086 707 1323 793 tractationis,

182 830 221 878 es
250 814 285 878 in
317 813 490 895 archetypo
513 811 537 874 Γ
559 811 724 878 exstitisse
754 813 788 874 et
809 811 842 874 in
864 808 889 872 Δ
913 815 1059 876 correcta
1081 829 1172 891 esso,
1206 813 1241 878 id
1261 833 1323 881 nec

181 934 240 997 per
268 935 305 982 se
333 917 506 982 verisimile
534 921 586 981 est
616 919 650 980 et
675 919 850 996 propterea
871 911 1099 992 refellendum,
1133 917 1218 998 quod
1239 919 1323 983 miro

181 1037 259 1085 casu
279 1019 341 1085 hae
363 1020 497 1086 mendae
519 1023 684 1086 correctae
707 1022 818 1084 essent
840 1036 860 1083 a
882 1023 1065 1084 correctore
1085 1018 1165 1100 DG,
1194 1022 1249 1103 qni
1270 1027 1323 1088 tot

181 1122 264 1189 alias
284 1123 481 1190 incorrectos
502 1124 634 1206 reliquit
659 1141 718 1188 nec
740 1127 879 1187 metrum
901 1122 934 1186 in
957 1123 1145 1204 corrigendo
1167 1127 1320 1206 respexit.

180 1225 259 1291 Jure
281 1226 380 1308 igitur
402 1246 458 1293 eas
478 1228 613 1294 mendas
633 1262 678 1273 —
699 1226 786 1291 inter
811 1243 891 1307 quas
913 1227 1033 1291 multae
1054 1225 1323 1308 interpolationes

180 1334 256 1393 sunt
276 1364 321 1376 —
342 1328 457 1411 quibus
471 1331 531 1396 DG
554 1335 674 1410 carent,
696 1330 730 1394 in
753 1328 927 1411 archetypo
949 1327 1104 1395 librorum
1125 1329 1232 1396 POBF
1255 1322 1322 1415 (vei

180 1430 214 1494 in
237 1431 306 1513 ejus
329 1431 517 1517 archetypo)
540 1439 629 1500 ortas
651 1453 723 1500 esse
747 1434 929 1501 statuimus.
952 1468 996 1479 -—

266 1536 311 1601 Ut
332 1535 473 1604 breviter
495 1538 816 1620 comprehendamus,
848 1556 932 1629 quae
963 1537 1204 1605 demonstrasse
1226 1537 1321 1607 nobis

179 1638 334 1720 videmur,
357 1647 529 1710 stemmate
550 1643 599 1709 uti
620 1643 734 1708 liceat:

760 2904 1072 3022 ‘o'dffiis‘s

265 3082 393 3148 Littera
414 3082 444 3148 X
466 3088 613 3150 notamus
641 3086 850 3168 archetypum
872 3079 1056 3151 nostrorum
1078 3081 1233 3148 librorum
1255 3101 1325 3148 om·

179 3185 301 3264 nicum;
325 3204 363 3250 ex
386 3205 424 3251 eo
447 3186 583 3254 densati
606 3194 681 3255 sunt
703 3189 731 3254 A
754 3188 973 3272 (Bembinus)‚
1002 3211 1035 3267 α,
1058 3185 1110 3266 A¹‚
1134 3187 1227 3268 quem
1251 3186 1325 3252 Cal·
1462 3196 1464 3200 ·

180 3287 296 3369 liopius
313 3291 461 3355 correxit.
506 3291 555 3356 En
575 3293 750 3374 exemplari
767 3294 965 3375 Calliopiano
983 3291 1016 3371 Γ,
1040 3289 1125 3372 quod
1137 3291 1206 3372 jam
1221 3288 1325 3354 omnis

180 3392 309 3472 generis
324 3379 464 3458 mendis
493 3393 650 3461 refertum
673 3402 745 3463 erat
768 3397 810 3481 (v.
833 3416 864 3478 p.
887 3397 941 3480 12)
966 3396 1029 3462 duo
1052 3394 1247 3476 exemplaria
1267 3390 1325 3456 de·

180 3495 303 3575 scripta
324 3501 417 3576 sunt,
446 3496 470 3560 Δ
495 3501 529 3563 et
551 3496 599 3579 Π,
623 3518 758 3581 quorum
780 3506 951 3582 utrumque
975 3500 1078 3565 denuo
1098 3498 1186 3564 vitiis
1208 3496 1326 3578 depra-

179 3585 290 3664 vatum
317 3604 377 3665 est.
424 3600 465 3684 (v.
489 3620 521 3682 p.
545 3605 586 3667 28
610 3620 676 3685 sq.;
702 3608 741 3669 36
765 3604 850 3685 sqq.)
896 3604 920 3668 Δ
946 3607 1110 3669 correctus
1139 3606 1191 3667 est
1219 3618 1283 3664 non
1306 3617 1325 3663 e

182 3701 302 3767 Donati
325 3706 552 3798 commentario
576 3704 618 3792 (v.
641 3726 671 3788 p.
699 3707 859 3792 13-27)‚
883 3709 941 3774 sed
970 3706 1093 3773 elibro
1116 3728 1139 3767 a
1165 3701 1328 3788 (Bembini

179 3807 350 3891 gemello);
374 3827 455 3890 quae
476 3809 550 3875 inde
565 3810 599 3874 in
614 3810 638 3874 Δ
654 3811 747 3877 iliata
766 3818 851 3894 sunt,
874 3814 1041 3895 partimin
1057 3812 1118 3877 DG
1133 3810 1324 3892 migramnt.

177 3910 231 3975 Ad
253 3908 282 3973 Π
304 3910 443 3977 redeunt
462 3911 540 4004 iibri
561 3914 670 3998 Pom)
693 3916 729 3981 F.
775 3916 817 4000 (v.
841 3936 872 3998 p.
899 3921 938 3981 12
961 3916 1024 3999 sq.)
1069 3915 1160 3992 Quae
1183 3931 1256 3979 cum
1276 3911 1327 3978 ita

125 4070 127 4075 .
182 4012 258 4093 sint,
279 4013 323 4079 ad
344 4014 504 4097 integram
520 4016 738 4099 Galliopianae
761 4019 959 4085 recensionis
978 4018 1115 4083 formam
1129 4034 1325 4098 recuperan-

178 4116 253 4181 dam
274 4117 379 4199 magni
402 4120 554 4185 momenti
580 4125 654 4187 sunt
677 4121 753 4187 libri
774 4124 845 4203 DG,
869 4143 907 4189 eo
929 4122 1072 4203 maioris,
1094 4120 1170 4203 quia
1191 4120 1221 4184 D
1240 4118 1325 4185 anti-

177 4220 365 4299 quissimum
388 4222 457 4289 eius
481 4223 678 4293 recensionis
699 4228 865 4309 exemplar
888 4231 947 4293 est.
