2967 4650
755 221 775 280 4

200 390 255 473 qui
276 404 316 456 ex
337 381 398 454 hac
420 390 651 464 manaverunt,
683 390 718 453 et
740 381 930 453 Bembinum
963 384 1127 453 instituta:
1161 383 1338 454 cumcuim

199 496 326 557 constet
367 489 486 555 fibram
521 488 720 570 aOalliopio
754 495 931 556 tractatum
964 495 1060 572 atque
1088 490 1276 556 Bembinum
1299 509 1338 554 ex

198 595 311 661 eodem
333 594 422 660 fonte
445 593 609 660 derivatos
631 611 719 673 esse,
744 594 778 658 in
799 595 983 660 universum
1004 601 1094 660 recte
1112 592 1337 676 judicabimus,

196 717 276 780 quas
297 698 453 764 lectiones
476 697 603 762 codices
627 696 818 778 Galliopiani
841 717 861 764 a
880 697 1035 763 Bembina
1058 699 1261 764 discedentes
1283 717 1337 762 ex·

196 799 340 881 hibeant‚
365 819 421 866 eas
442 801 475 864 in
506 800 621 865 horum
651 800 859 883 archetypum
882 820 902 866 a
925 807 1106 867 correctore
1134 820 1192 867 seu
1213 801 1338 866 editore

195 905 253 970 illo
276 923 349 971 esse
372 904 498 969 illatas:
533 921 725 985 quamquam
754 902 794 969 ab
829 905 934 970 altera
965 910 1059 986 parte
1091 924 1155 970 non
1184 923 1264 986 opus
1287 910 1339 969 est

192 1027 334 1087 monere,
358 1005 546 1072 Bembinum
574 1025 800 1088 nonnunquam
822 1025 842 1073 a
865 1009 1022 1074 communi
1044 1008 1219 1090 archetypo
1242 1007 1335 1074 aber·

191 1131 306 1196 rasse,
328 1110 383 1178 ubi
406 1109 482 1175 libri
504 1109 696 1191 Colliopiani
719 1111 789 1192 ejus
811 1111 990 1191 scripturas
1012 1118 1182 1179 servarunt
1204 1111 1274 1195 (cfr.
1298 1111 1333 1176 0.

196 1214 320 1297 Sydow,
344 1214 384 1279 de
406 1213 470 1278 fide
484 1212 642 1278 librorum
653 1213 920 1280 Terentianorum
935 1234 975 1280 ex
987 1216 1136 1298 Calliopii
1148 1217 1335 1282 recensione

196 1318 375 1398 ductorum,
398 1336 429 1398 p.
453 1317 520 1399 46),
557 1315 598 1382 ab
620 1316 741 1396 altera,
775 1336 838 1382 nou
872 1336 982 1384 omnes
1012 1320 1121 1401 locos,
1143 1319 1259 1402 quibus
1281 1339 1334 1385 re·

198 1422 305 1487 censio
340 1421 539 1501 Calliopiana
562 1438 582 1486 a
603 1417 758 1485 Bembino
790 1420 966 1502 eademque
989 1441 1009 1486 a
1032 1425 1188 1489 communi
1221 1423 1333 1488 arche·

194 1531 273 1607 typo
295 1522 429 1601 recedit,
453 1520 493 1588 ab
516 1524 586 1603 ipso
599 1521 756 1604 Calliopio
778 1541 851 1588 esse
873 1529 1024 1598 mutatos.
1047 1525 1105 1591 sed
1121 1524 1237 1591 bonam
1257 1545 1333 1608 par-

190 1634 259 1694 tem
279 1633 339 1694 aut
368 1633 443 1692 ante
473 1626 543 1707 ejns
576 1644 706 1707 operam
730 1632 787 1692 aut
816 1631 892 1708 post
914 1646 994 1692 eam.
1039 1628 1123 1694 Illud
1145 1631 1226 1694 satis
1248 1648 1332 1694 eom·

188 1730 346 1813 probatur
368 1731 458 1808 locis,
481 1728 596 1811 quibus
618 1730 766 1795 Donatus
788 1730 821 1794 in
844 1730 936 1796 libris
958 1732 1026 1797 suis
1047 1732 1203 1798 lectiones
1214 1733 1332 1799 Callio-

188 1836 357 1915 pianorum
368 1832 524 1899 librorum
546 1832 677 1912 invenit,
702 1851 796 1914 quem
812 1833 845 1898 in
861 1836 1090 1901 commentario
1102 1833 1331 1901 conscribendo

185 1940 254 2019 jam
282 1938 377 2004 huius
410 1937 607 2003 recensionis
647 1936 811 2018 exemplar
849 1943 994 2003 secutum
1025 1957 1113 2016 esse,
1148 1938 1332 2020 Geppertus

190 2042 291 2126 (,‚Zur
314 2041 508 2108 Geschichte
532 2041 590 2106 der
619 2041 892 2106 terentianischen
921 2041 1049 2106 Kritik“
1074 2043 1106 2107 in
1130 2042 1239 2108 Jahnii
1260 2061 1332 2108 ann.

191 2152 241 2224 18,
252 2147 307 2229 28)
331 2147 452 2217 etLeo
476 2145 523 2228 (in
545 2144 775 2210 dissertatione
789 2145 893 2210 Musei
914 2145 1060 2211 Rhenani
1081 2146 1152 2211 Vol.
1164 2146 1334 2213 XXXVIII

191 2251 323 2329 inserta,
348 2248 398 2315 cui
432 2249 547 2314 titulus
574 2253 639 2313 est:
679 2249 760 2332 „Die
782 2248 1253 2332 Ueberlieferungsgeschichte
1275 2248 1335 2313 der

191 2353 417 2421 terenzischen
447 2352 628 2417 Komddien
658 2353 725 2418 und
756 2354 815 2418 der
837 2355 1043 2419 Commentar
1072 2355 1130 2420 des
1152 2354 1336 2436 Donatus“)

195 2458 282 2525 haud
303 2463 394 2523 recte
415 2457 579 2539 judicasse
601 2456 760 2522 ridentur.
785 2456 857 2540 (ofin
880 2477 911 2539 p.
937 2463 975 2522 21
1002 2459 1086 2540 sqq.)

275 2563 321 2629 Ut
343 2563 513 2629 nonnullos
545 2562 633 2627 locos
671 2560 819 2641 afferam,
853 2561 909 2628 ubi
941 2582 1022 2644 quae
1044 2563 1119 2628 libri
1142 2562 1334 2644 Galliopiani

190 2666 371 2750 praebent,
408 2665 546 2749 genuina
575 2685 641 2732 non
668 2684 742 2733 esse
774 2668 892 2733 collato
927 2667 1081 2733 Bembino
1112 2673 1257 2749 apparet,
1280 2667 1334 2731 hic

191 2773 310 2838 tradit:

277 2877 336 2941 Ad.
361 2877 386 2957 I,
410 2881 441 2957 2,
465 2880 522 2941 46:
548 2875 624 2941 ‘Miz
647 2876 773 2943 Natura
786 2881 822 2940 tu
844 2876 910 2940 illis
921 2882 1016 2957 pater
1038 2893 1084 2953 es,
1108 2874 1250 2940 consiliis
1263 2893 1332 2956 ego.

189 2982 255 3046 De:
279 2980 349 3047 Tun
362 2981 505 3047 consiliis
517 2980 730 3062 quicquaml’
755 2980 846 3061 (scih
869 2978 1033 3063 pateres).
1078 2979 1225 3044 Donatus
1235 2977 1332 3059 legit:

188 3082 274 3150 ‘Tun
296 3085 436 3151 consulis
459 3085 680 3167 quicquaml’,
711 3102 794 3165 quae
817 3083 929 3149 eadem
951 3084 985 3148 in
1008 3082 1217 3163 Calliopianis
1238 3079 1332 3145 libris

191 3192 329 3253 exstant.

275 3291 333 3356 Ad.
356 3291 399 3371 Il,
423 3297 453 3370 3,
477 3296 506 3355 9.
529 3288 574 3355 A:
599 3291 779 3357 ‘Festivom
806 3293 911 3370 caput,

316 3393 376 3471 Qui
399 3394 590 3476 ignominias
619 3392 681 3460 sibi
713 3397 788 3475 post
810 3392 934 3473 putarit
957 3410 1029 3457 esse
1051 3409 1129 3473 prae
1151 3407 1222 3454 meo
1245 3405 1330 3454 oom-

361 3498 456 3564 modo
464 3499 482 3563 ⁹.

271 3603 353 3669 Gall.
375 3622 433 3684 pro
468 3603 540 3684 ‘qui
561 3602 769 3685 ignominias'
802 3601 937 3667 tradunt
970 3599 1062 3681 ‘quin
1092 3597 1175 3681 (qni)
1205 3595 1330 3661 omnia’

188 3708 408 3789 adstipulante
430 3701 567 3773 Donato.
613 3707 785 3788 (Daiatzlro
815 3704 899 3770 hanc
931 3705 1102 3769 lectionem
1131 3702 1165 3766 in
1187 3700 1330 3767 editione

190 3813 408 3894 Adelphorum
430 3832 460 3894 p.
488 3818 546 3877 101
572 3811 748 3878 defendens
770 3810 850 3874 mihi
871 3828 934 3873 non
956 3806 1143 3889 persuasit).

272 3917 350 3982 Hec.
373 3917 399 3996 Ι,
425 3922 452 3996 1,
477 3923 506 3981 7.
530 3914 576 3980 A:
610 3917 672 3981 ‘Et
700 3933 813 3980 moneo
846 3920 881 3980 et
908 3914 1038 3991 hortor,
1072 3930 1113 3977 no
1145 3911 1331 3993 cuiusquam

320 4019 503 4087 misereas’.
572 4031 574 4038 ’

273 4124 354 4190 Gall.
379 4142 450 4189 curn
472 4124 560 4190 Don:
584 4123 780 4189 ‘misereat’.
906 4145 909 4152 ·

271 4229 353 4295 Aliis
375 4228 456 4295 locis
479 4228 626 4296 Donatus
647 4232 818 4308 utramque
841 4227 1050 4309 scripturam,
1075 4233 1109 4294 et
1130 4222 1277 4290 Bembini
1299 4228 1333 4288 et

187 4331 439 4414 Calliopianam,
464 4351 500 4399 se
533 4334 654 4416 legisse
681 4335 834 4399 testatur.
881 4330 979 4399 Velut
1002 4333 1081 4400 Hoc.
1104 4331 1146 4412 Il,
1171 4333 1202 4410 2,
1223 4334 1255 4408 4,
1277 4325 1335 4395 ubi
