2967 4650
723 231 762 291 lo

175 397 249 462 runo
272 415 383 463 eorum
405 395 614 479 archetypum
644 397 692 463 ita
725 402 906 463 correctum
928 404 998 482 est,
1033 407 1071 467 ot
1092 402 1317 487 Umpfenbach

175 501 261 579 vult,
284 500 431 581 equidem
452 517 516 563 non
543 498 655 578 video,
690 517 748 565 cur
770 500 967 582 scripturas,
1000 502 1033 568 in
1057 504 1172 586 quibus
1195 527 1267 575 cum
1290 511 1317 574 A

176 603 380 669 consentiunt
416 602 635 684 adstipulante
668 602 816 683 Donato,
849 623 913 670 non
946 624 985 670 ex
1017 606 1074 673 illo
1103 607 1187 676 libro
1209 612 1317 693 potius

180 704 340 788 (Bembini
361 705 529 789 gemello),
565 707 616 772 cui
650 706 776 788 signum
809 730 828 769 α
851 707 930 774 dare
963 710 1125 791 volumus,
1159 732 1255 795 quarn
1278 733 1317 781 ax

175 809 269 875 huius
286 809 514 875 commentario
548 815 693 891 sumptas
718 828 791 876 esse
819 816 977 893 putemus,
1013 813 1110 895 idque
1142 835 1181 882 eo
1203 819 1315 901 magis,

177 914 252 994 quia
274 913 315 979 iis
336 913 417 979 locis
439 932 537 979 causa
567 932 631 979 non
662 919 736 979 erat
766 915 940 980 lectionum
962 917 1219 986 Donatianarum
1240 921 1273 985 in
1297 945 1318 984 α

174 1015 517 1082 transscribendamm.
563 1016 652 1094 Quae
681 1035 753 1083 cum
785 1018 833 1083 ito
855 1019 940 1097 sint,
971 1025 1103 1101 praeter
1124 1023 1316 1089 Heautonti-

175 1138 382 1185 morumenon
416 1119 521 1202 (cuius
551 1121 799 1186 commentarius
828 1121 1031 1188 Donatianus
1053 1128 1235 1207 temporum
1256 1127 1315 1193 iui-

176 1224 300 1305 quitate
321 1223 432 1305 periit)
454 1223 586 1288 missam
607 1223 751 1289 facimus·
767 1224 865 1289 etiam
879 1225 1015 1306 primam
1025 1232 1141 1307 poetae
1163 1227 1316 1310 fabulam,

176 1329 293 1410 quippe
316 1346 355 1392 ex
377 1326 495 1410 quain
517 1325 674 1392 Bembino
696 1324 766 1393 iere
788 1328 868 1392 nihil
890 1333 1055 1396 servatum
1077 1330 1130 1396 sit.

260 1431 495 1497 Perlustraturi
517 1430 581 1496 iam
603 1431 777 1511 lectiones,
800 1449 881 1514 quas
902 1431 964 1498 DG
986 1432 1047 1498 soli
1068 1432 1157 1512 dant,
1179 1434 1317 1515 primum

177 1536 217 1601 de
240 1535 281 1601 iis
303 1535 509 1614 disseremus,
531 1534 588 1600 ubi
610 1554 649 1600 ex
670 1535 791 1601 Donati
813 1535 935 1601 scholio
951 1541 1097 1617 apparet,
1121 1536 1198 1618 quid
1219 1538 1248 1604 is
1270 1539 1316 1604 le-

177 1640 281 1725 gerit3
304 1643 441 1704 tumeas
453 1636 663 1718 conferemus,
685 1637 742 1705 ubi
753 1639 940 1705 lemmatum
951 1641 1137 1706 testimonia
1149 1641 1316 1708 accedunt.

262 1742 309 1808 Ut
328 1743 484 1821 omittam,
507 1759 589 1822 quae
613 1742 790 1808 scholiasta
811 1742 840 1806 D
864 1742 907 1825 (is
929 1747 981 1809 est
1003 1744 1088 1809 alter
1109 1742 1274 1828 librarius)
1297 1764 1316 1809 e

178 1847 305 1912 Donato
327 1863 551 1926 nonuunquam
573 1843 667 1912 affert
690 1845 832 1929 (iscdm.
849 1846 892 1926 d,
913 1846 1028 1913 idest:
1051 1848 1122 1930 lego
1144 1848 1317 1914 secundum

176 1950 354 2027 Donatum,
388 1947 446 2013 cfr.
468 1947 598 2030 Umpfb.
620 1966 652 2028 p.
675 1948 760 2030 XX),
795 1949 847 2015 hic
878 1950 946 2016 illic
973 1949 1035 2015 DG
1057 1949 1121 2032 (vel
1144 1952 1315 2033 alteruter)

177 2072 217 2118 ex
239 2052 370 2119 scholiis
391 2051 512 2117 Donati
531 2050 719 2132 interpolati
741 2070 814 2118 esso
836 2052 994 2118 videntur.

178 2159 236 2226 Ad.
323 2157 379 2238 IV,
401 2163 431 2237 4,
456 2160 496 2220 23
519 2153 595 2220 All:
619 2157 718 2220 ‘nunc
739 2174 846 2236 porro,
869 2155 1044 2235 Aeschine,
1067 2155 1316 2239 expergiscere’.

518 2258 579 2326 DG
616 2262 716 2325 ‘nunc
736 2259 804 2341 jam
826 2259 951 2341 porro‘.

266 2368 354 2432 Dor:
377 2365 496 2447 legitur
518 2368 552 2429 et
575 2363 683 2445 ‘iamt
728 2363 843 2429 Potest
854 2382 932 2429 sane
946 2364 1006 2431 hoo
1029 2365 1127 2446 ‘jam'
1149 2383 1169 2431 e
1191 2365 1317 2433 Donato

178 2472 212 2536 in
234 2470 257 2534 Δ
278 2470 450 2552 irrepsisse
473 2485 576 2549 noque
598 2471 705 2531 tamen
727 2465 952 2546 minuspotest
968 2485 1007 2532 ex
1023 2468 1086 2533 alio
1098 2470 1316 2552 manuscripto

177 2575 372 2641 translatum
394 2577 451 2639 aut
473 2591 512 2636 ex
533 2570 636 2652 ipsius
657 2568 784 2634 librarii
805 2569 932 2652 ingenio
958 2570 1103 2637 additum
1126 2590 1207 2638 esse.
1232 2608 1273 2619 —

263 2679 291 2743 E
314 2674 541 2744 commentario
573 2672 714 2738 fortasse
748 2675 781 2738 in
802 2675 831 2739 D
855 2674 974 2741 invasit
994 2675 1316 2757 interpretamentum

176 2779 218 2848 ab
240 2782 344 2846 altero
366 2778 499 2845 librario
522 2773 750 2857 subpunctum:
774 2775 852 2842 lieo.
872 2776 918 2844 IV
920 2782 968 2857 ,l,
983 2781 1018 2842 2:
1041 2782 1132 2843 ‘nam
1154 2778 1315 2844 audiusse

175 2904 286 2951 vocem
306 2883 399 2966 pueri
419 2882 507 2949 visus
530 2886 581 2947 est
603 2880 761 2962 vagientis
770 2880 788 2944 '.

261 2989 291 3052 D
322 2985 473 3073 ‘infantis
502 2983 661 3067 vagientis
670 2983 688 3049 ².
733 2983 824 3048 Don:
858 2983 988 3066 proprie
1011 2982 1090 3049 dicit
1124 2981 1314 3065 ‘vagiemis‘

177 3098 213 3157 et
235 3090 405 3157 infantium
425 3095 485 3156 est.
531 3088 596 3155 Sed
617 3087 718 3154 multo
741 3085 940 3167 probabilius
961 3084 1039 3151 mihi
1055 3085 1192 3167 videtur,
1214 3084 1314 3151 libra·

177 3197 261 3262 rium
282 3196 312 3259 D
334 3195 395 3260 hoc
416 3194 769 3275 interpretamentume
787 3190 919 3257 scholiis
933 3189 1114 3256 trivialibus
1129 3189 1315 3272 sumpsisse,

178 3318 260 3382 quae
282 3302 319 3363 ut
341 3297 402 3362 DG
424 3303 459 3363 et
480 3316 590 3364 omnes
612 3295 680 3361 fere
702 3294 778 3359 libri
795 3293 874 3360 Call.
898 3292 1060 3373 exhibent,
1083 3292 1182 3358 etiam
1204 3291 1314 3359 arche-

177 3410 288 3486 typum
311 3402 402 3467 codd.
427 3401 488 3467 DG
510 3402 579 3467 sine
601 3398 698 3467 dubio
730 3396 892 3477 exhibuit,
926 3415 1061 3480 quorum
1089 3394 1174 3462 bona
1195 3415 1272 3478 pars
1296 3415 1313 3462 e

178 3507 305 3573 Donato
328 3504 429 3570 fluxit.

266 3609 356 3675 Nihil
390 3609 610 3674 demonstrant
638 3606 673 3672 hi
700 3606 782 3687 loci,
815 3603 931 3688 quibus
960 3605 1182 3671 additamenta
1215 3622 1317 3686 aeque

177 3712 259 3780 bene
283 3732 300 3779 e
330 3712 460 3779 scholiis
482 3710 664 3778 trivialibus
685 3714 814 3792 sumpta
835 3715 894 3775 aut
915 3728 933 3775 e
954 3706 1159 3775 librariorum
1180 3707 1316 3791 ingeniis

177 3825 252 3884 orta
273 3836 345 3883 esse
366 3823 511 3899 possunt.

264 3922 346 3986 Eun.
368 3920 424 3998 IV,
449 3926 478 4002 7,
503 3925 542 3984 17
566 3917 730 3985 ‘lacerent
760 3916 896 3999 fugam’,
919 3917 981 3983 DG
1012 3919 1066 3982 ‘ut
1087 3914 1250 3981 facerent’
1274 3914 1316 3998 (D

176 4023 237 4107 ut).
281 4023 372 4087 Don:
396 4022 489 4087 deest
506 4041 620 4089 rursus
643 4022 712 4087 ‘ut’
736 4020 793 4087 cfr·
817 4020 876 4086 Ad.
899 4019 955 4099 IV,
981 4024 1009 4099 1,
1034 4024 1084 4100 16,
1106 4017 1162 4085 ubi
1182 4018 1316 4085 Dsolus

178 4114 249 4194 ἦν
273 4126 459 4207 interpolat.

263 4228 342 4293 Pho.
365 4228 391 4309 Ι,
415 4231 446 4308 4,
473 4231 522 4292 19.
567 4227 672 4295 ‘Cedo
703 4228 781 4311 quid
801 4232 914 4310 portas
945 4225 1080 4297 obsecro
1102 4231 1199 4306 atque
1231 4222 1267 4287 id
1289 4224 1318 4288 si

177 4337 272 4414 potes
293 4330 392 4399 verbo
415 4331 530 4415 expedi
539 4330 558 4411 ’,
581 4331 643 4397 DG
665 4334 744 4397 ‘uno
765 4330 894 4398 rerbo’.
