2967 4650
763 230 804 290 36

216 398 302 474 rent,
325 399 382 462 aut
403 395 458 462 ubi
480 396 541 462 soli
562 399 667 475 stent,
692 396 864 463 nonnullos
886 395 928 462 ad
950 417 972 456 α
993 392 1123 462 relictos
1144 411 1217 462 esse
1239 413 1353 477 posse:
1464 464 1465 475 χ

214 514 318 577 neque
347 497 430 563 enim
460 498 628 580 qnisquam
657 495 805 581 putabit,
838 497 920 564 illud
949 498 1113 579 exemplar
1140 495 1190 582 (α)
1221 515 1292 564 cum
1314 497 1353 577 A,
1464 542 1465 563 ,

215 601 271 683 qui
293 600 381 666 solus
403 619 442 667 en
464 620 503 668 ee
529 602 633 669 classe
665 601 707 668 ad
736 606 849 668 nostra
878 605 1025 684 tempora
1057 601 1204 685 durent,
1235 600 1354 683 ubique

215 705 425 770 consensisse.
471 705 541 782 Qua
555 723 592 772 re
605 702 731 772 ubiDG
746 706 811 788 (rel
825 705 997 788 alteruter)
1018 705 1173 772 lectiones
1194 723 1216 771 e
1237 704 1354 771 ceteris
1464 708 1465 713 ’

213 804 377 873 codicibus
399 808 620 891 discrepantes
642 807 813 888 exhibent,
843 827 925 890 quae
948 827 967 875 e
987 807 1192 876 librariorum
1215 807 1353 890 ingeniis
1464 834 1465 845 κ

212 909 299 976 haud
330 909 480 977 videntur
511 916 644 979 exortes
680 929 772 991 esse,
805 911 885 977 nihil
907 909 1033 991 obstet,
1072 929 1113 978 ne
1145 929 1202 979 ees
1235 928 1275 977 ex
1295 909 1352 975 illo
1464 922 1465 1001 3

212 1013 322 1080 codice
344 1019 535 1097 asumptus
559 1033 632 1082 esse
654 1016 883 1081 existimemus.
908 1051 951 1063 -
1464 1006 1465 1021 ¹

302 1118 479 1199 Postquam
510 1117 610 1200 igitur
639 1118 793 1197 numus,
825 1116 981 1184 familiam
1009 1115 1041 1183 II
1076 1134 1174 1198 seepe
1206 1115 1353 1197 archety·
1464 1132 1465 1203 ]

211 1241 287 1303 pum
318 1226 506 1304 sequentem
538 1222 717 1303 scripturus
750 1220 969 1302 Oalliopieues
1000 1237 1165 1298 seruasse,
1205 1216 1261 1285 ubi
1290 1217 1352 1283 De

210 1325 414 1406 deflexerint,
445 1342 653 1407 quaeremus,
687 1343 765 1393 num
795 1325 893 1392 etiam
923 1324 1119 1391 contrarium
1146 1322 1267 1391 factum
1296 1321 1351 1405 sit,
1464 1374 1465 1413 ,

209 1429 270 1497 hoc
300 1434 368 1508 est,
400 1447 477 1495 num
506 1427 606 1494 etiam
626 1429 688 1495 DG
714 1428 767 1495 hic
795 1428 862 1495 illic
885 1427 1085 1509 Calliopieue
1113 1426 1263 1506 naemu,
1294 1424 1350 1491 ubi
1464 1510 1465 1513 Ἴ

209 1531 316 1597 PGBF
346 1536 462 1613 postea
489 1532 607 1599 mutati
636 1532 709 1598 siut.
754 1532 830 1599 Jam
859 1531 1063 1613 supradixi,
1097 1529 1183 1612 quod
1213 1529 1350 1607 uideam,
1464 1518 1465 1601 Ξ

208 1635 291 1700 hanc
324 1636 461 1702 classem
490 1652 554 1699 non
587 1653 659 1700 esse
691 1639 921 1714 retractatam,
956 1651 1149 1715 quamquem
1178 1633 1348 1715 uliquendo
1464 1628 1465 1635 ’

208 1758 248 1803 ex
269 1737 486 1819 manuscripto
508 1738 643 1805 alterius
664 1739 795 1824 generis
824 1738 1089 1821 interpolationes
1110 1737 1279 1820 irrepsisse
1300 1735 1350 1800 vi·
1464 1762 1465 1805 u

208 1841 354 1909 deantur.
400 1841 457 1907 cfr.

294 1945 372 2012 Hec.
395 1946 421 2024 I,
444 1949 475 2027 2,
498 1950 540 2011 43
562 1946 590 2011 A
614 1945 711 2012 ‘Sese
739 1964 850 2019 senem
879 1963 951 2014 esse
973 1944 1098 2028 dicere,
1128 1943 1218 2010 illum
1241 1947 1350 2010 eutem

627 2049 773 2115 unicum’
797 2098 835 2113 ..

558 2153 588 2218 D
612 2152 720 2219 ‘illum
742 2170 814 2218 esse
837 2150 982 2237 unicum'

555 2254 583 2318 ll
608 2256 717 2322 ‘illum
739 2261 848 2322 eutem
869 2272 942 2322 esse
965 2254 1112 2326 unicum’

207 2358 283 2440 (nisi
304 2360 338 2424 in
358 2359 388 2423 D
413 2358 553 2424 ‘autem’
577 2364 652 2440 post
674 2359 797 2424 ‘illum’
819 2358 1024 2426 intercidisse
1045 2357 1165 2437 mavis3
1188 2356 1218 2423 G
1240 2355 1351 2441 defle.)
1463 2349 1465 2444 f

293 2462 353 2529 Ad.
376 2462 417 2545 II,
441 2466 471 2543 2,
495 2466 534 2525 27
593 2462 758 2544 A‘quam
781 2466 838 2527 eut
859 2479 942 2527 nunc
962 2461 1110 2527 manere'
1135 2510 1174 2526 ..
1464 2449 1465 2466 *

561 2564 622 2631 DG
645 2570 759 2647 ‘quam
780 2564 834 2632 hie
856 2582 939 2630 nnnc
960 2565 1107 2642 manere'

590 2666 620 2731 ss
645 2668 759 2750 ‘quam
781 2672 839 2734 aut
859 2668 913 2735 hic
934 2686 1018 2734 nune
1039 2668 1200 2734 manere’.

289 2772 350 2850 Ad.
363 2772 420 2855 IV,
442 2776 472 2851 4,
496 2775 539 2837 25
562 2770 624 2836 DG
644 2788 723 2837 uere
758 2776 944 2840 servarunt:
984 2768 1057 2837 ‘ubi
1090 2770 1217 2852 pultare
1250 2769 1351 2836 hasce
1463 2782 1465 2845 ξ

647 2874 770 2956 occipio
793 2876 890 2941 miser
900 2876 917 2940 '.
1189 2896 1193 2900 ·

290 2980 329 3045 In
350 2980 379 3045 A
400 2998 462 3046 rou
483 2978 615 3045 ‘miser'
638 2978 833 3060 glossemate
857 2977 977 3044 ‘fores’
1007 2997 1025 3043 e
1048 2981 1139 3044 textu
1159 2975 1255 3059 pulsa
1276 2979 1346 3055 est3

204 3085 238 3149 in
259 3082 369 3162 Puer
390 3083 509 3165 legitur
531 3081 635 3150 ‘fores
656 3082 756 3148 miser
764 3083 783 3163 ’,
815 3082 874 3148 sed
897 3080 1018 3147 ‘iores’
1050 3080 1190 3147 fortasse
1214 3098 1278 3144 non
1309 3096 1350 3143 ex
1464 3131 1465 3136 ,

206 3187 270 3253 alio
292 3187 509 3268 manuscripto
531 3184 590 3253 sed
613 3203 652 3251 ex
674 3185 796 3251 scholio
825 3186 859 3249 in
889 3190 1013 3250 textum
1039 3184 1182 3266 irrepsit.
1225 3184 1253 3248 B
1275 3200 1358 3248 cum.

206 3293 235 3360 A
258 3290 435 3370 consentit,
459 3290 528 3356 sine
551 3287 648 3356 dubio
670 3290 745 3371 quia
766 3288 920 3355 librarius
941 3289 974 3356 in
996 3285 1060 3355 fine
1081 3306 1194 3354 versus
1216 3286 1349 3353 ‘miser’
1464 3325 1465 3352 ÷

208 3396 407 3561 Omlffllzericti
437 3494 537 3578 igitur
570 3494 613 3559 ad
645 3494 780 3562 alterius
812 3493 927 3560 classis
960 3492 1078 3559 librum
1106 3492 1232 3558 codices
1253 3487 1347 3554 exll

209 3598 336 3664 oriundi
357 3617 421 3664 non
447 3603 540 3679 sunt3
575 3591 660 3679 quod
692 3603 801 3664 eutem
823 3594 993 3678 Umpienb.
1027 3595 1096 3661 fere
1128 3595 1286 3678 integram
1315 3593 1353 3657 in
1464 3643 1465 3660 2

208 3703 255 3769 eis
278 3707 440 3772 servatam
461 3720 535 3770 esse
555 3701 776 3770 recensionem
799 3700 1030 3783 calliopienem
1053 3701 1173 3777 censet,
1197 3694 1352 3762 assentiri
1464 3723 1465 3730 κ

208 3806 239 3871 ei
268 3824 331 3886 non
360 3823 539 3890 pessumus.
585 3805 651 3871 Gur
680 3803 765 3870 enim
796 3804 1024 3887 archetypum,
1058 3822 1098 3867 ex
1130 3819 1192 3883 qno
1214 3798 1352 3868 PBOEF

207 3908 385 3988 fluxerunt,
415 3909 520 3976 minus
551 3907 748 3974 arbitremur
780 3908 993 3991 depravatum
1022 3905 1123 3973 luisse
1153 3902 1351 3992 alibrariis,
1464 3889 1465 3938 ³

209 4030 303 4094 quam
345 4011 554 4093 archetypum
586 4010 742 4092 librorum
771 4012 855 4077 DG?
885 4030 958 4077 nem
991 4011 1050 4075 hoc
1089 4026 1152 4073 non
1186 4024 1266 4088 opus
1300 4009 1353 4071 est

208 4120 374 4199 repetere,
407 4132 517 4180 omnes
545 4115 637 4181 codd.
661 4115 742 4181 Oall.
775 4134 815 4180 ex
844 4113 1018 4196 exemplari
1048 4109 1258 4179 multifariam
1280 4125 1352 4175 eor·

209 4224 304 4301 rupto
327 4217 490 4284 densatos
513 4236 594 4284 esse.
639 4218 729 4285 Inter
751 4237 800 4299 ee,
824 4236 905 4300 quae
927 4217 961 4281 in
978 4216 1005 4280 ss
1025 4219 1142 4282 novate
1163 4216 1249 4294 sunt,
1272 4229 1353 4276 non·

210 4323 298 4388 nulla
320 4323 353 4387 in
379 4321 574 4390 sententiam
596 4326 630 4387 et
651 4341 778 4390 versum
800 4322 959 4405 quadrare
982 4326 1016 4387 et
1037 4337 1095 4403 per
1117 4334 1152 4382 se
1174 4315 1354 4383 verisimile
