2967 4650
683 213 755 274 ⁴37

169 392 220 454 cst
240 391 273 453 et
294 385 369 452 indo
391 381 543 464 efficitur,
578 379 663 461 quod
692 378 746 445 hic
777 377 843 444 illic
873 395 956 444 unus
986 395 1026 442 cx
1057 375 1104 442 eis
1134 392 1210 442 mss.
1233 384 1305 445 cnm

169 490 230 556 DG
251 486 421 565 consentit,
442 481 498 552 ubi
520 483 621 550 ceteri
642 481 822 560 discedunt,
844 481 892 547 its
911 486 949 547 ut
971 498 1030 562 per
1051 488 1212 559 sepersu's
1227 476 1305 543 ierri

167 592 313 675 possint,
341 606 401 655 neo
421 593 530 654 tumen
552 586 725 668 quidquam
747 583 873 669 obstat,
903 603 944 652 ns
966 584 1058 651 illum
1078 601 1176 651 unum
1196 599 1306 648 ueram

170 693 318 775 calliopii
340 693 533 774 scripturam
554 689 697 757 tenuisse
718 695 877 770 putemus.
923 687 981 754 cfr.

255 798 336 865 Eun.
351 795 390 876 V,
413 800 445 878 8,
467 800 507 862 57
531 792 694 877 AD(B)G:
718 792 829 861 ’Hunc
860 790 1089 858 comedendum
1118 786 1210 856 robis
1232 805 1306 869 pro·

736 897 812 980 pino
834 901 869 963 ot
890 895 1099 964 deridendum
1108 894 1127 959 ’.

817 1010 832 1040 8

631 1052 672 1120 0:
696 1055 736 1134 ‘p
758 1049 892 1137 pinebo’
914 1051 995 1117 PFE
1018 1049 1222 1132 ‘praebetor

255 1176 374 1260 Vides,
406 1172 622 1257 Ouestigium
644 1190 791 1240 servasse
812 1190 908 1238 verne
936 1171 1103 1252 lectionis,
1135 1191 1230 1254 quum
1253 1192 1310 1240 cur

171 1278 346 1360 calliopius
367 1277 541 1345 mutaverit
562 1294 635 1343 cum
654 1293 770 1358 magno
791 1274 971 1340 sententiae
987 1273 1191 1356 detrimento,
1213 1276 1308 1343 intel·

169 1383 227 1463 ligi
247 1400 311 1448 non
332 1385 450 1464 potest.
496 1380 542 1446 Ut
562 1379 700 1458 uidetur,
722 1378 756 1443 in
778 1396 817 1443 co
839 1375 932 1458 libro,
955 1396 995 1443 ex
1012 1396 1074 1460 quo
1087 1378 1140 1446 ΡΟ
1153 1378 1309 1461 descripti

171 1489 262 1568 sunt,
295 1483 377 1550 illud
408 1478 604 1565 ‘praebebo’
636 1480 781 1546 additum
813 1486 902 1561 erat,
935 1480 1020 1546 unde
1042 1482 1075 1546 in
1097 1482 1123 1547 P
1144 1487 1308 1564 receptum

171 1593 230 1655 est.
255 1625 296 1635 -
318 1588 409 1654 Idem
427 1587 608 1669 judicamus
630 1584 671 1651 de
693 1584 754 1650 An.
777 1584 835 1664 III,
859 1590 893 1664 3,
917 1589 975 1668 73,
998 1582 1054 1652 ubi
1077 1584 1176 1669 Syrus
1199 1587 1309 1669 coquis

169 1689 438 1772 praeceptorium
454 1689 547 1755 dicit:
571 1688 712 1768 ‘Moneo
734 1706 816 1770 quae
832 1705 962 1769 possum
977 1707 1036 1770 pro
1051 1708 1123 1756 men
1135 1691 1308 1772 sopientio‘

171 1792 232 1875 (sic
252 1791 378 1858 ADGP.
399 1827 444 1838 -
465 1792 552 1857 Don:
576 1790 783 1872 διασυρτικιός
804 1791 996 1873 ‘sapientia’
1020 1793 1115 1874 dicit,
1138 1795 1214 1876 quin
1236 1814 1310 1861 con·

171 1896 348 1961 dimentum
378 1896 474 1975 gustu
506 1911 544 1961 oo
576 1911 693 1975 sopore
725 1898 909 1974 temperant
942 1895 1058 1978 coqui.)
1110 1896 1218 1962 OBEF
1250 1916 1310 1979 pro

171 1998 366 2081 ‘snpientia'
389 1996 469 2063 dont
486 1996 699 2077 ‘sententin’3
721 1997 797 2063 inde
813 1997 897 2079 quod
908 1998 933 2064 P
946 1998 1139 2079 ‘snpientia’
1152 2003 1309 2080 praestat,

172 2103 197 2167 Ο
220 2107 327 2168 autem
343 2102 473 2166 litteras
494 2118 515 2164 a
536 2104 571 2164 et
592 2117 609 2165 s
632 2100 718 2183 (meo
731 2101 906 2184 sententia)
929 2103 962 2166 in
979 2119 1094 2167 rasura
1109 2100 1217 2184 habet,
1237 2103 1310 2185 jnre

171 2203 398 2289 concludimus,
420 2202 453 2268 in
475 2201 648 2284 archetypo
670 2201 723 2268 PC
746 2207 914 2268 exoratum
934 2202 1035 2269 fuisse
1058 2204 1264 2286 ‘snpientio'.

256 2325 430 2391 Praetereo
458 2327 566 2389 sutem
597 2321 722 2389 mendis
752 2322 856 2389 omnis
881 2324 1009 2406 generis
1031 2326 1208 2409 depravato
1228 2328 1309 2394 hoec

61 2471 63 2477 .
171 2427 286 2495 classis
308 2432 378 2513 est,
409 2427 458 2494 'sic
487 2431 525 2491 nt
555 2442 607 2490 mo
625 2425 734 2508 judico
757 2445 820 2491 non
842 2426 911 2492 fero
932 2428 1093 2510 integram
1114 2431 1309 2497 recensionis

171 2532 251 2598 Call.
274 2531 409 2597 formem
439 2528 613 2612 praebeat,
646 2529 705 2595 sed
733 2547 849 2611 magno
879 2530 1050 2597 intervallo
1073 2529 1114 2598 ob
1136 2552 1176 2598 ca
1198 2533 1307 2600 distet.

169 2635 252 2701 Nam
274 2652 337 2699 non
359 2651 469 2699 errare
490 2631 569 2697 mihi
590 2631 702 2698 uideor
723 2636 888 2713 statuens,
918 2634 960 2700 iis
982 2634 1079 2715 locis,
1111 2633 1226 2717 quibus
1248 2636 1308 2702 DG

171 2738 365 2804 Terentiana
387 2742 558 2802 servarunt
579 2735 663 2818 (cum
684 2736 737 2819 A),
753 2735 860 2802 PnBF
883 2739 1026 2819 corrupti
1048 2742 1132 2818 sunt,
1154 2737 1216 2804 DG
1235 2739 1308 2806 Cal-

171 2841 329 2921 liopinnas
352 2837 530 2917 scripturas
553 2855 708 2904 servasse.
753 2836 905 2904 Dubitari
929 2839 990 2904 hoc
1011 2858 1075 2905 non
1095 2846 1222 2923 potest,
1255 2840 1309 2907 ubi

172 2943 205 3006 in
228 2939 256 3004 ll
281 2944 395 3021 aperta
415 2939 612 3020 negligentis
644 2938 851 3005 librariorum
872 2939 952 3006 vitio
973 2942 1189 3024 irrepserunt,
1222 2945 1310 3011 uelut

171 3044 227 3112 ubi
248 3041 348 3112 verbo
369 3040 618 3109 interciderunt:

258 3146 337 3213 Heo.
359 3146 418 3226 lII,
444 3151 472 3225 l,
497 3149 536 3210 13
623 3143 683 3218 AG
705 3144 889 3226 ‘quisquam
911 3150 1063 3229 nsquam'

545 3247 680 3315 POBFE
704 3250 871 3330 ‘usquam'
894 3269 970 3331 om,
994 3251 1068 3318 add.
1090 3251 1133 3320 F²
1153 3254 1186 3319 in
1208 3274 1309 3338 marg.

650 3353 679 3418 D
704 3352 873 3435 ‘usquam’
897 3352 1089 3437 subpunxit,
1120 3358 1196 3440 quin
1224 3358 1308 3424 inll

719 3469 783 3522 non
807 3457 922 3523 inerat.

358 3560 414 3643 IV,
436 3565 467 3641 4,
492 3564 553 3626 104
596 3560 680 3625 AFD
703 3560 820 3626 ‘Immo
831 3580 907 3627 vero
919 3561 989 3628 obi’
1003 3563 1045 3648 (D
1057 3564 1310 3650 perpffidsfic.)

576 3664 684 3730 ΡΟΒΕ
707 3665 818 3731 ‘uero'
842 3666 933 3732 omis.
1226 3711 1229 3720 ,

258 3769 317 3834 Ad.
375 3769 414 3850 V,
439 3774 468 3848 3,
492 3774 511 3836 3
595 3768 685 3833 ADG.
707 3767 801 3849 ‘quid
823 3768 961 3838 inciam?
984 3770 1060 3852 quid
1082 3771 1219 3854 agaml’

546 3870 681 3937 POBFE
706 3870 801 3951 ‘quid
823 3872 932 3953 ugom’
956 3874 1046 3939 omis.

490 3978 531 4046 54
597 3973 686 4040 ADG
708 3977 876 4048 ‘ruscrss
898 3975 1084 4042 cnmfilio’.

547 4076 683 4143 POBFE
706 4077 812 4145 ‘crus’
835 4096 896 4144 om.

260 4195 352 4275 Quod
374 4199 482 4265 autem
504 4214 543 4262 ex
565 4196 616 4263 his
631 4197 795 4279 exemplis,
818 4215 900 4278 quae
922 4196 1018 4263 focile
1040 4199 1150 4278 augeri
1166 4199 1311 4276 possunt,

172 4306 319 4382 apponet,
341 4320 418 4369 mss.
434 4298 570 4365 POBFE
592 4300 634 4365 nd
650 4300 861 4382 archetypum
876 4300 993 4377 redire,
1017 4297 1100 4381 quod
1116 4300 1218 4378 ipsum
1241 4301 1312 4374 (aut
