<?xml version="1.0" encoding="UTF-8"?>
<!DOCTYPE html PUBLIC "-//W3C//DTD XHTML 1.0 Transitional//EN"
    "http://www.w3.org/TR/xhtml1/DTD/xhtml1-transitional.dtd">
<html xmlns="http://www.w3.org/1999/xhtml" xml:lang="en" lang="en">
 <head>
  <title>
</title>
<meta http-equiv="Content-Type" content="text/html;charset=utf-8" />
  <meta name='ocr-system' content='tesseract 3.04.00' />
  <meta name='ocr-capabilities' content='ocr_page ocr_carea ocr_par ocr_line ocrx_word'/>
</head>
<body>
  <div class='ocr_page' id='page_1' title='image "./delibristerenti00afergoog_0014.png"; bbox 0 0 2967 4650; ppageno 0'>
   <div class='ocr_carea' id='block_1_1' title="bbox 165 463 1310 4359">
    <p class='ocr_par' dir='ltr' id='par_1_1' title="bbox 165 463 1310 4359">
     <span class='ocr_line' id='line_1_1' title="bbox 173 463 1081 547; baseline -0.003 -12"><span class='ocrx_word' id='word_1_1' title='bbox 173 470 254 535; x_wconf 86' lang='lat' dir='ltr'>Eun.</span> <span class='ocrx_word' id='word_1_2' title='bbox 338 468 377 547; x_wconf 90' lang='lat' dir='ltr'>V,</span> <span class='ocrx_word' id='word_1_3' title='bbox 400 472 472 546; x_wconf 83' lang='lat'>3,7</span> <span class='ocrx_word' id='word_1_4' title='bbox 517 463 653 547; x_wconf 89' lang='lat' dir='ltr'>‘probe’</span> <span class='ocrx_word' id='word_1_5' title='bbox 966 465 1081 533; x_wconf 88' lang='lat' dir='ltr'>‘bene’</span> 
     </span>
     <span class='ocr_line' id='line_1_2' title="bbox 173 567 1247 656; baseline 0.004 -18"><span class='ocrx_word' id='word_1_6' title='bbox 173 573 289 638; x_wconf 89' lang='lat' dir='ltr'>Heaut.</span> <span class='ocrx_word' id='word_1_7' title='bbox 332 572 374 651; x_wconf 94' lang='grc' dir='ltr'>ΙΙ,</span> <span class='ocrx_word' id='word_1_8' title='bbox 399 577 428 650; x_wconf 99' lang='grc'>3,</span> <span class='ocrx_word' id='word_1_9' title='bbox 451 575 491 635; x_wconf 81' lang='grc'><strong>25</strong></span> <span class='ocrx_word' id='word_1_10' title='bbox 516 567 942 650; x_wconf 81' lang='lat' dir='ltr'>‘conjecturamfeoimus..’</span> <span class='ocrx_word' id='word_1_11' title='bbox 967 573 1063 653; x_wconf 89' lang='lat' dir='ltr'>‘oonj.</span> <span class='ocrx_word' id='word_1_12' title='bbox 1089 575 1247 656; x_wconf 84' lang='lat' dir='ltr'>cepimus&#39;</span> 
     </span>
     <span class='ocr_line' id='line_1_3' title="bbox 288 673 1144 756; baseline 0.004 -16"><span class='ocrx_word' id='word_1_13' title='bbox 288 706 291 713; x_wconf 95' lang='lat'>·</span> <span class='ocrx_word' id='word_1_14' title='bbox 315 674 371 755; x_wconf 87' lang='lat' dir='ltr'>IV,</span> <span class='ocrx_word' id='word_1_15' title='bbox 395 680 424 754; x_wconf 85' lang='lat'>5,</span> <span class='ocrx_word' id='word_1_16' title='bbox 448 679 490 740; x_wconf 83' lang='grc'>38</span> <span class='ocrx_word' id='word_1_17' title='bbox 514 673 703 740; x_wconf 85' lang='lat' dir='ltr'>‘suaseras’</span> <span class='ocrx_word' id='word_1_18' title='bbox 964 676 1144 756; x_wconf 78' lang='lat' dir='ltr'>‘Jusseras’</span> 
     </span>
     <span class='ocr_line' id='line_1_4' title="bbox 395 777 1246 862; baseline 0.008 -20"><span class='ocrx_word' id='word_1_19' title='bbox 395 783 467 857; x_wconf 81' lang='lat'>8,5</span> <span class='ocrx_word' id='word_1_20' title='bbox 514 777 583 842; x_wconf 89' lang='lat' dir='ltr'>‘dio</span> <span class='ocrx_word' id='word_1_21' title='bbox 606 777 683 858; x_wconf 89' lang='lat' dir='ltr'>quid</span> <span class='ocrx_word' id='word_1_22' title='bbox 704 777 770 842; x_wconf 83' lang='lat' dir='ltr'>vis’</span> <span class='ocrx_word' id='word_1_23' title='bbox 968 780 1063 845; x_wconf 88' lang='lat' dir='ltr'>‘eedo</span> <span class='ocrx_word' id='word_1_24' title='bbox 1086 781 1162 862; x_wconf 89' lang='lat' dir='ltr'>quid</span> <span class='ocrx_word' id='word_1_25' title='bbox 1184 782 1246 849; x_wconf 87' lang='lat' dir='ltr'>vis&#39;</span> 
     </span>
     <span class='ocr_line' id='line_1_5' title="bbox 452 880 1080 948; baseline 0 -2"><span class='ocrx_word' id='word_1_26' title='bbox 452 886 491 946; x_wconf 92' lang='lat'>10</span> <span class='ocrx_word' id='word_1_27' title='bbox 515 880 661 947; x_wconf 84' lang='lat' dir='ltr'>‘narras’</span> <span class='ocrx_word' id='word_1_28' title='bbox 964 882 1080 948; x_wconf 79' lang='lat' dir='ltr'>‘dixti’</span> 
     </span>
     <span class='ocr_line' id='line_1_6' title="bbox 170 984 1121 1067; baseline 0.003 -19"><span class='ocrx_word' id='word_1_29' title='bbox 170 984 246 1050; x_wconf 93' lang='lat' dir='ltr'>Pho.</span> <span class='ocrx_word' id='word_1_30' title='bbox 312 986 369 1064; x_wconf 88' lang='lat'>111,</span> <span class='ocrx_word' id='word_1_31' title='bbox 394 990 422 1064; x_wconf 93' lang='lat' dir='ltr'>l,</span> <span class='ocrx_word' id='word_1_32' title='bbox 449 989 487 1049; x_wconf 86' lang='lat'>13</span> <span class='ocrx_word' id='word_1_33' title='bbox 511 984 654 1050; x_wconf 87' lang='lat' dir='ltr'>‘senem’</span> <span class='ocrx_word' id='word_1_34' title='bbox 958 987 1121 1067; x_wconf 86' lang='lat' dir='ltr'>‘patrem’</span> 
     </span>
     <span class='ocr_line' id='line_1_7' title="bbox 314 1087 1310 1172; baseline 0.003 -20"><span class='ocrx_word' id='word_1_35' title='bbox 314 1087 369 1167; x_wconf 89' lang='lat' dir='ltr'>IV,</span> <span class='ocrx_word' id='word_1_36' title='bbox 394 1094 424 1168; x_wconf 86' lang='lat'>5,</span> <span class='ocrx_word' id='word_1_37' title='bbox 449 1092 489 1152; x_wconf 84' lang='grc'>14</span> <span class='ocrx_word' id='word_1_38' title='bbox 512 1087 695 1153; x_wconf 80' lang='lat' dir='ltr'>‘convenit&#39;</span> <span class='ocrx_word' id='word_1_39' title='bbox 955 1089 1310 1172; x_wconf 80' lang='lat' dir='ltr'>‘congruit’(oongruet)</span> 
     </span>
     <span class='ocr_line' id='line_1_8' title="bbox 330 1189 1135 1271; baseline 0.001 -15"><span class='ocrx_word' id='word_1_40' title='bbox 330 1189 681 1271; x_wconf 50' lang='lat' dir='ltr'>Wawmmm</span> <span class='ocrx_word' id='word_1_41' title='bbox 961 1193 1135 1258; x_wconf 61' lang='lat' dir='ltr'>mmm‘</span> 
     </span>
     <span class='ocr_line' id='line_1_9' title="bbox 331 1292 1103 1374; baseline 0.001 -14"><span class='ocrx_word' id='word_1_42' title='bbox 331 1293 370 1374; x_wconf 93' lang='lat' dir='ltr'>V,</span> <span class='ocrx_word' id='word_1_43' title='bbox 396 1299 425 1373; x_wconf 88' lang='grc'>9,</span> <span class='ocrx_word' id='word_1_44' title='bbox 450 1299 490 1358; x_wconf 94' lang='grc'>13</span> <span class='ocrx_word' id='word_1_45' title='bbox 513 1292 637 1359; x_wconf 82' lang='lat' dir='ltr'>‘dices&#39;</span> <span class='ocrx_word' id='word_1_46' title='bbox 950 1296 1103 1362; x_wconf 86' lang='lat' dir='ltr'>‘narras’</span> 
     </span>
     <span class='ocr_line' id='line_1_10' title="bbox 168 1396 1078 1477; baseline 0.004 -16"><span class='ocrx_word' id='word_1_47' title='bbox 168 1397 228 1463; x_wconf 85' lang='lat' dir='ltr'>Ad.</span> <span class='ocrx_word' id='word_1_48' title='bbox 328 1397 369 1477; x_wconf 90' lang='grc' dir='ltr'>Π,</span> <span class='ocrx_word' id='word_1_49' title='bbox 393 1402 423 1475; x_wconf 91' lang='grc'>2,</span> <span class='ocrx_word' id='word_1_50' title='bbox 446 1402 488 1462; x_wconf 87' lang='grc'>40</span> <span class='ocrx_word' id='word_1_51' title='bbox 512 1396 619 1464; x_wconf 85' lang='lat' dir='ltr'>‘acta’</span> <span class='ocrx_word' id='word_1_52' title='bbox 955 1397 1078 1465; x_wconf 88' lang='lat' dir='ltr'>‘faeta&#39;</span> 
     </span>
     <span class='ocr_line' id='line_1_11' title="bbox 169 1498 1102 1584; baseline 0.002 -19"><span class='ocrx_word' id='word_1_53' title='bbox 169 1499 308 1566; x_wconf 79' lang='lat' dir='ltr'>ofrPho.</span> <span class='ocrx_word' id='word_1_54' title='bbox 344 1500 370 1579; x_wconf 96' lang='grc' dir='ltr'>Ι,</span> <span class='ocrx_word' id='word_1_55' title='bbox 395 1504 424 1578; x_wconf 87' lang='grc'><strong>2,</strong></span> <span class='ocrx_word' id='word_1_56' title='bbox 449 1503 489 1563; x_wconf 80' lang='grc'>67</span> <span class='ocrx_word' id='word_1_57' title='bbox 513 1498 672 1564; x_wconf 84' lang='lat' dir='ltr'>‘faceret‘</span> <span class='ocrx_word' id='word_1_58' title='bbox 955 1503 1102 1584; x_wconf 84' lang='lat' dir='ltr'>‘ageret’</span> 
     </span>
     <span class='ocr_line' id='line_1_12' title="bbox 167 1603 1137 1687; baseline 0.002 -18"><span class='ocrx_word' id='word_1_59' title='bbox 167 1604 226 1670; x_wconf 85' lang='lat' dir='ltr'>Ad.</span> <span class='ocrx_word' id='word_1_60' title='bbox 309 1604 364 1684; x_wconf 90' lang='lat' dir='ltr'>IV,</span> <span class='ocrx_word' id='word_1_61' title='bbox 389 1609 419 1683; x_wconf 84' lang='lat'>2,</span> <span class='ocrx_word' id='word_1_62' title='bbox 444 1609 484 1669; x_wconf 88' lang='lat'>30</span> <span class='ocrx_word' id='word_1_63' title='bbox 507 1603 698 1669; x_wconf 86' lang='lat' dir='ltr'>‘inveniam’</span> <span class='ocrx_word' id='word_1_64' title='bbox 952 1607 1137 1687; x_wconf 87' lang='lat' dir='ltr'>‘quaeram’</span> 
     </span>
     <span class='ocr_line' id='line_1_13' title="bbox 394 1706 1117 1786; baseline 0.004 -14"><span class='ocrx_word' id='word_1_65' title='bbox 394 1711 467 1786; x_wconf 82' lang='grc'>5,6</span> <span class='ocrx_word' id='word_1_66' title='bbox 513 1706 658 1773; x_wconf 82' lang='lat' dir='ltr'>‘dicere’</span> <span class='ocrx_word' id='word_1_67' title='bbox 951 1708 1117 1776; x_wconf 85' lang='lat' dir='ltr'>‘eredere&#39;</span> 
     </span>
     <span class='ocr_line' id='line_1_14' title="bbox 330 1810 1087 1892; baseline -0.001 -14"><span class='ocrx_word' id='word_1_68' title='bbox 330 1811 370 1890; x_wconf 90' lang='lat' dir='ltr'>V,</span> <span class='ocrx_word' id='word_1_69' title='bbox 395 1816 465 1892; x_wconf 86' lang='lat'>5,1</span> <span class='ocrx_word' id='word_1_70' title='bbox 512 1810 619 1876; x_wconf 88' lang='lat' dir='ltr'>‘orat’</span> <span class='ocrx_word' id='word_1_71' title='bbox 952 1813 1087 1892; x_wconf 56' lang='lat' dir='ltr'>‘rogatu</span> 
     </span>
     <span class='ocr_line' id='line_1_15' title="bbox 254 1911 1307 1995; baseline 0.002 -14"><span class='ocrx_word' id='word_1_72' title='bbox 254 1914 318 1981; x_wconf 83' lang='lat' dir='ltr'>Sed</span> <span class='ocrx_word' id='word_1_73' title='bbox 340 1916 469 1995; x_wconf 82' lang='lat' dir='ltr'>longum</span> <span class='ocrx_word' id='word_1_74' title='bbox 501 1918 552 1979; x_wconf 90' lang='lat' dir='ltr'>est</span> <span class='ocrx_word' id='word_1_75' title='bbox 579 1912 673 1994; x_wconf 90' lang='lat' dir='ltr'>plura</span> <span class='ocrx_word' id='word_1_76' title='bbox 705 1911 746 1977; x_wconf 90' lang='lat' dir='ltr'>de</span> <span class='ocrx_word' id='word_1_77' title='bbox 776 1913 836 1978; x_wconf 86' lang='lat' dir='ltr'>heo</span> <span class='ocrx_word' id='word_1_78' title='bbox 858 1931 894 1978; x_wconf 90' lang='lat' dir='ltr'>re</span> <span class='ocrx_word' id='word_1_79' title='bbox 921 1931 1097 1995; x_wconf 80' lang='lat' dir='ltr'><strong>exponere,</strong></span> <span class='ocrx_word' id='word_1_80' title='bbox 1121 1934 1194 1981; x_wconf 88' lang='lat' dir='ltr'>eum</span> <span class='ocrx_word' id='word_1_81' title='bbox 1214 1916 1307 1985; x_wconf 91' lang='lat' dir='ltr'>nobis</span> 
     </span>
     <span class='ocr_line' id='line_1_16' title="bbox 167 2016 1307 2103; baseline 0.003 -19"><span class='ocrx_word' id='word_1_82' title='bbox 167 2019 367 2103; x_wconf 90' lang='lat' dir='ltr'>propositum</span> <span class='ocrx_word' id='word_1_83' title='bbox 388 2018 527 2095; x_wconf 90' lang='lat' dir='ltr'>nonsit,</span> <span class='ocrx_word' id='word_1_84' title='bbox 550 2016 654 2081; x_wconf 90' lang='lat' dir='ltr'>denuo</span> <span class='ocrx_word' id='word_1_85' title='bbox 689 2016 859 2082; x_wconf 83' lang='lat' dir='ltr'>cumulatis</span> <span class='ocrx_word' id='word_1_86' title='bbox 889 2019 1043 2098; x_wconf 83' lang='lat' dir='ltr'>exemplis</span> <span class='ocrx_word' id='word_1_87' title='bbox 1072 2018 1113 2084; x_wconf 87' lang='lat' dir='ltr'>de</span> <span class='ocrx_word' id='word_1_88' title='bbox 1134 2019 1198 2086; x_wconf 90' lang='lat' dir='ltr'>fide</span> <span class='ocrx_word' id='word_1_89' title='bbox 1219 2021 1307 2088; x_wconf 89' lang='lat' dir='ltr'>illius</span> 
     </span>
     <span class='ocr_line' id='line_1_17' title="bbox 167 2121 1307 2207; baseline 0.001 -16"><span class='ocrx_word' id='word_1_90' title='bbox 167 2125 287 2191; x_wconf 87' lang='lat' dir='ltr'>oodiois</span> <span class='ocrx_word' id='word_1_91' title='bbox 310 2141 381 2190; x_wconf 89' lang='lat' dir='ltr'>oum</span> <span class='ocrx_word' id='word_1_92' title='bbox 402 2122 463 2187; x_wconf 85' lang='lat' dir='ltr'>hae</span> <span class='ocrx_word' id='word_1_93' title='bbox 488 2121 673 2187; x_wconf 81' lang='lat' dir='ltr'>recensione</span> <span class='ocrx_word' id='word_1_94' title='bbox 697 2122 874 2202; x_wconf 87' lang='lat' dir='ltr'>comparati</span> <span class='ocrx_word' id='word_1_95' title='bbox 904 2121 1073 2188; x_wconf 79' lang='lat' dir='ltr'>disserere.</span> <span class='ocrx_word' id='word_1_96' title='bbox 1098 2123 1169 2206; x_wconf 82' lang='lat' dir='ltr'>(cfr.</span> <span class='ocrx_word' id='word_1_97' title='bbox 1194 2124 1307 2207; x_wconf 78' lang='lat' dir='ltr'>Sydon</span> 
     </span>
     <span class='ocr_line' id='line_1_18' title="bbox 165 2223 1307 2313; baseline 0.002 -22"><span class='ocrx_word' id='word_1_98' title='bbox 165 2229 186 2291; x_wconf 92' lang='lat' dir='ltr'>l.</span> <span class='ocrx_word' id='word_1_99' title='bbox 208 2226 253 2313; x_wconf 89' lang='lat' dir='ltr'>d.)</span> <span class='ocrx_word' id='word_1_100' title='bbox 298 2226 336 2291; x_wconf 86' lang='lat' dir='ltr'>Id</span> <span class='ocrx_word' id='word_1_101' title='bbox 365 2226 473 2308; x_wconf 91' lang='lat' dir='ltr'>potius</span> <span class='ocrx_word' id='word_1_102' title='bbox 502 2223 710 2306; x_wconf 86' lang='lat' dir='ltr'>comprobare</span> <span class='ocrx_word' id='word_1_103' title='bbox 749 2225 926 2304; x_wconf 89' lang='lat' dir='ltr'>voluimus,</span> <span class='ocrx_word' id='word_1_104' title='bbox 957 2225 1147 2306; x_wconf 82' lang='lat' dir='ltr'>Calliopium</span> <span class='ocrx_word' id='word_1_105' title='bbox 1179 2227 1307 2308; x_wconf 83' lang='lat' dir='ltr'>linguae</span> 
     </span>
     <span class='ocr_line' id='line_1_19' title="bbox 165 2329 1306 2410; baseline 0.003 -17"><span class='ocrx_word' id='word_1_106' title='bbox 165 2331 287 2395; x_wconf 85' lang='lat' dir='ltr'>latinae</span> <span class='ocrx_word' id='word_1_107' title='bbox 309 2334 343 2393; x_wconf 92' lang='lat' dir='ltr'>et</span> <span class='ocrx_word' id='word_1_108' title='bbox 364 2330 570 2395; x_wconf 84' lang='lat' dir='ltr'>metricorum</span> <span class='ocrx_word' id='word_1_109' title='bbox 591 2347 699 2394; x_wconf 90' lang='lat' dir='ltr'>rerum</span> <span class='ocrx_word' id='word_1_110' title='bbox 720 2330 849 2394; x_wconf 91' lang='lat' dir='ltr'>minime</span> <span class='ocrx_word' id='word_1_111' title='bbox 862 2330 1046 2410; x_wconf 90' lang='lat' dir='ltr'>imperitum</span> <span class='ocrx_word' id='word_1_112' title='bbox 1068 2329 1177 2396; x_wconf 89' lang='lat' dir='ltr'>fuisse.</span> <span class='ocrx_word' id='word_1_113' title='bbox 1223 2332 1306 2398; x_wconf 89' lang='lat' dir='ltr'>Nam</span> 
     </span>
     <span class='ocr_line' id='line_1_20' title="bbox 165 2430 1305 2515; baseline 0.001 -15"><span class='ocrx_word' id='word_1_114' title='bbox 165 2434 345 2515; x_wconf 78' lang='lat' dir='ltr'>scripturae</span> <span class='ocrx_word' id='word_1_115' title='bbox 367 2433 461 2515; x_wconf 82' lang='lat' dir='ltr'>longe</span> <span class='ocrx_word' id='word_1_116' title='bbox 493 2432 667 2513; x_wconf 84' lang='lat' dir='ltr'>plurimae,</span> <span class='ocrx_word' id='word_1_117' title='bbox 700 2431 816 2514; x_wconf 87' lang='lat' dir='ltr'>quibus</span> <span class='ocrx_word' id='word_1_118' title='bbox 852 2430 927 2497; x_wconf 87' lang='lat' dir='ltr'>libri</span> <span class='ocrx_word' id='word_1_119' title='bbox 950 2434 1142 2515; x_wconf 82' lang='lat' dir='ltr'>Calliopieni</span> <span class='ocrx_word' id='word_1_120' title='bbox 1162 2435 1249 2500; x_wconf 89' lang='lat' dir='ltr'>inter</span> <span class='ocrx_word' id='word_1_121' title='bbox 1269 2453 1305 2501; x_wconf 89' lang='lat' dir='ltr'>se</span> 
     </span>
     <span class='ocr_line' id='line_1_21' title="bbox 167 2534 1306 2615; baseline 0 -13"><span class='ocrx_word' id='word_1_122' title='bbox 167 2537 404 2603; x_wconf 86' lang='lat' dir='ltr'>eonsentientes</span> <span class='ocrx_word' id='word_1_123' title='bbox 426 2555 446 2601; x_wconf 89' lang='grc'><strong>2</strong></span> <span class='ocrx_word' id='word_1_124' title='bbox 467 2534 621 2602; x_wconf 87' lang='lat' dir='ltr'>Bembino</span> <span class='ocrx_word' id='word_1_125' title='bbox 645 2536 830 2615; x_wconf 85' lang='lat' dir='ltr'>discedunt,</span> <span class='ocrx_word' id='word_1_126' title='bbox 854 2555 917 2601; x_wconf 93' lang='lat' dir='ltr'>non</span> <span class='ocrx_word' id='word_1_127' title='bbox 939 2537 1034 2603; x_wconf 90' lang='lat' dir='ltr'>modo</span> <span class='ocrx_word' id='word_1_128' title='bbox 1056 2539 1089 2602; x_wconf 93' lang='lat' dir='ltr'>in</span> <span class='ocrx_word' id='word_1_129' title='bbox 1112 2540 1306 2604; x_wconf 92' lang='lat' dir='ltr'>sententiam</span> 
     </span>
     <span class='ocr_line' id='line_1_22' title="bbox 166 2638 1304 2721; baseline 0.001 -16"><span class='ocrx_word' id='word_1_130' title='bbox 166 2640 224 2706; x_wconf 87' lang='lat' dir='ltr'>sed</span> <span class='ocrx_word' id='word_1_131' title='bbox 257 2658 358 2721; x_wconf 89' lang='lat' dir='ltr'>aeque</span> <span class='ocrx_word' id='word_1_132' title='bbox 388 2638 469 2703; x_wconf 91' lang='lat' dir='ltr'>bene</span> <span class='ocrx_word' id='word_1_133' title='bbox 498 2640 531 2703; x_wconf 94' lang='lat' dir='ltr'>in</span> <span class='ocrx_word' id='word_1_134' title='bbox 561 2657 688 2704; x_wconf 88' lang='lat' dir='ltr'>versum</span> <span class='ocrx_word' id='word_1_135' title='bbox 727 2639 896 2720; x_wconf 87' lang='lat' dir='ltr'>quadrant.</span> <span class='ocrx_word' id='word_1_136' title='bbox 942 2639 1054 2720; x_wconf 88' lang='lat' dir='ltr'>Neque</span> <span class='ocrx_word' id='word_1_137' title='bbox 1085 2639 1202 2705; x_wconf 85' lang='lat' dir='ltr'>desunt</span> <span class='ocrx_word' id='word_1_138' title='bbox 1231 2642 1304 2720; x_wconf 90' lang='lat' dir='ltr'>loei,</span> 
     </span>
     <span class='ocr_line' id='line_1_23' title="bbox 167 2742 1305 2827; baseline 0.001 -17"><span class='ocrx_word' id='word_1_139' title='bbox 167 2743 283 2827; x_wconf 88' lang='lat' dir='ltr'>quibus</span> <span class='ocrx_word' id='word_1_140' title='bbox 314 2743 504 2809; x_wconf 81' lang='lat' dir='ltr'>recensendi</span> <span class='ocrx_word' id='word_1_141' title='bbox 534 2761 633 2825; x_wconf 87' lang='lat' dir='ltr'>opera</span> <span class='ocrx_word' id='word_1_142' title='bbox 665 2744 706 2809; x_wconf 83' lang='lat' dir='ltr'>sd</span> <span class='ocrx_word' id='word_1_143' title='bbox 737 2762 850 2809; x_wconf 88' lang='lat' dir='ltr'>versus</span> <span class='ocrx_word' id='word_1_144' title='bbox 880 2742 1087 2824; x_wconf 84' lang='lat' dir='ltr'>corrigendos</span> <span class='ocrx_word' id='word_1_145' title='bbox 1109 2744 1305 2825; x_wconf 81' lang='lat' dir='ltr'>pertinuisse</span> 
     </span>
     <span class='ocr_line' id='line_1_24' title="bbox 165 2846 1303 2930; baseline -0.001 -15"><span class='ocrx_word' id='word_1_146' title='bbox 165 2849 309 2915; x_wconf 84' lang='lat' dir='ltr'>videtur:</span> <span class='ocrx_word' id='word_1_147' title='bbox 332 2849 379 2915; x_wconf 89' lang='lat' dir='ltr'>sio</span> <span class='ocrx_word' id='word_1_148' title='bbox 407 2852 565 2914; x_wconf 89' lang='lat' dir='ltr'>mutatum</span> <span class='ocrx_word' id='word_1_149' title='bbox 596 2854 663 2927; x_wconf 89' lang='lat' dir='ltr'>est,</span> <span class='ocrx_word' id='word_1_150' title='bbox 697 2866 738 2912; x_wconf 91' lang='lat' dir='ltr'>ne</span> <span class='ocrx_word' id='word_1_151' title='bbox 760 2846 903 2930; x_wconf 86' lang='lat' dir='ltr'>syllabae</span> <span class='ocrx_word' id='word_1_152' title='bbox 934 2847 1049 2929; x_wconf 85' lang='lat' dir='ltr'>longae</span> <span class='ocrx_word' id='word_1_153' title='bbox 1072 2853 1181 2914; x_wconf 88' lang='lat' dir='ltr'>essent</span> <span class='ocrx_word' id='word_1_154' title='bbox 1203 2851 1303 2915; x_wconf 90' lang='lat' dir='ltr'>oorri·</span> 
     </span>
     <span class='ocr_line' id='line_1_25' title="bbox 165 2953 851 3034; baseline 0.001 -17"><span class='ocrx_word' id='word_1_155' title='bbox 165 2953 317 3034; x_wconf 87' lang='lat' dir='ltr'>piendae:</span> <span class='ocrx_word' id='word_1_156' title='bbox 846 2991 851 2996; x_wconf 25' lang='grc' dir='ltr'>κ</span> 
     </span>
     <span class='ocr_line' id='line_1_26' title="bbox 250 3030 1301 3135; baseline -0.003 -14"><span class='ocrx_word' id='word_1_157' title='bbox 250 3058 331 3122; x_wconf 81' lang='lat' dir='ltr'>nun.</span> <span class='ocrx_word' id='word_1_158' title='bbox 412 3057 455 3135; x_wconf 88' lang='lat'>11,</span> <span class='ocrx_word' id='word_1_159' title='bbox 480 3061 507 3133; x_wconf 89' lang='lat'>1,</span> <span class='ocrx_word' id='word_1_160' title='bbox 531 3059 569 3119; x_wconf 85' lang='lat'>15</span> <span class='ocrx_word' id='word_1_161' title='bbox 592 3055 636 3120; x_wconf 86' lang='lat' dir='ltr'>A:</span> <span class='ocrx_word' id='word_1_162' title='bbox 660 3030 732 3120; x_wconf 74' lang='lat' dir='ltr'>‘lun</span> <span class='ocrx_word' id='word_1_163' title='bbox 766 3054 813 3118; x_wconf 83' lang='lat' dir='ltr'>nn</span> <span class='ocrx_word' id='word_1_164' title='bbox 846 3053 941 3119; x_wconf 74' lang='lat' dir='ltr'>uicis’</span> <span class='ocrx_word' id='word_1_165' title='bbox 979 3053 1067 3135; x_wconf 84' lang='lat' dir='ltr'>(post</span> <span class='ocrx_word' id='word_1_166' title='bbox 1099 3051 1154 3119; x_wconf 74' lang='lat' dir='ltr'>aar</span> <span class='ocrx_word' id='word_1_167' title='bbox 1191 3051 1301 3119; x_wconf 72' lang='lat' dir='ltr'>nemu.</span> 
     </span>
     <span class='ocr_line' id='line_1_27' title="bbox 166 3141 1115 3242; baseline -0.003 -16"><span class='ocrx_word' id='word_1_168' title='bbox 166 3141 227 3226; x_wconf 78' lang='lat' dir='ltr'>SlS</span> <span class='ocrx_word' id='word_1_169' title='bbox 250 3160 388 3241; x_wconf 84' lang='lat' dir='ltr'>exhibet,</span> <span class='ocrx_word' id='word_1_170' title='bbox 410 3158 495 3242; x_wconf 89' lang='lat' dir='ltr'>quod</span> <span class='ocrx_word' id='word_1_171' title='bbox 517 3177 557 3224; x_wconf 86' lang='lat' dir='ltr'>ex</span> <span class='ocrx_word' id='word_1_172' title='bbox 578 3158 826 3239; x_wconf 82' lang='lat' dir='ltr'>interpolatione</span> <span class='ocrx_word' id='word_1_173' title='bbox 849 3162 953 3222; x_wconf 92' lang='lat' dir='ltr'>ortum</span> <span class='ocrx_word' id='word_1_174' title='bbox 973 3156 1115 3239; x_wconf 80' lang='lat' dir='ltr'>videtur)</span> 
     </span>
     <span class='ocr_line' id='line_1_28' title="bbox 592 3259 886 3326; baseline 0 -2"><span class='ocrx_word' id='word_1_175' title='bbox 592 3259 615 3324; x_wconf 93' lang='grc' dir='ltr'>Γ</span> <span class='ocrx_word' id='word_1_176' title='bbox 639 3260 699 3326; x_wconf 76' lang='lat' dir='ltr'>‘th</span> <span class='ocrx_word' id='word_1_177' title='bbox 720 3261 766 3326; x_wconf 92' lang='lat' dir='ltr'>nil</span> <span class='ocrx_word' id='word_1_178' title='bbox 788 3260 886 3326; x_wconf 87' lang='lat' dir='ltr'>diois’</span> 
     </span>
     <span class='ocr_line' id='line_1_29' title="bbox 393 3358 1300 3446; baseline -0.01 -15"><span class='ocrx_word' id='word_1_179' title='bbox 393 3365 450 3445; x_wconf 87' lang='lat' dir='ltr'>III,</span> <span class='ocrx_word' id='word_1_180' title='bbox 474 3369 504 3443; x_wconf 84' lang='lat'>3,</span> <span class='ocrx_word' id='word_1_181' title='bbox 528 3370 546 3430; x_wconf 84' lang='lat'><strong>5</strong></span> <span class='ocrx_word' id='word_1_182' title='bbox 591 3365 620 3428; x_wconf 87' lang='lat' dir='ltr'>A</span> <span class='ocrx_word' id='word_1_183' title='bbox 642 3358 754 3446; x_wconf 63' lang='lat' dir='ltr'>‘roget</span> <span class='ocrx_word' id='word_1_184' title='bbox 776 3364 863 3445; x_wconf 87' lang='lat' dir='ltr'>quis,</span> <span class='ocrx_word' id='word_1_185' title='bbox 896 3362 973 3445; x_wconf 86' lang='lat' dir='ltr'>quid</span> <span class='ocrx_word' id='word_1_186' title='bbox 995 3363 1043 3428; x_wconf 89' lang='lat' dir='ltr'>rei</span> <span class='ocrx_word' id='word_1_187' title='bbox 1060 3360 1126 3428; x_wconf 84' lang='lat' dir='ltr'>tibi</span> <span class='ocrx_word' id='word_1_188' title='bbox 1149 3360 1237 3428; x_wconf 81' lang='lat' dir='ltr'>oum&#39;</span> <span class='ocrx_word' id='word_1_189' title='bbox 1260 3409 1266 3423; x_wconf 91' lang='lat'><em>.</em></span> <span class='ocrx_word' id='word_1_190' title='bbox 1293 3406 1300 3422; x_wconf 90' lang='lat'><strong>.</strong></span> 
     </span>
     <span class='ocr_line' id='line_1_30' title="bbox 591 3464 1204 3549; baseline -0.005 -19"><span class='ocrx_word' id='word_1_191' title='bbox 591 3466 614 3530; x_wconf 92' lang='grc' dir='ltr'>Γ</span> <span class='ocrx_word' id='word_1_192' title='bbox 639 3468 749 3549; x_wconf 77' lang='lat' dir='ltr'>‘roget</span> <span class='ocrx_word' id='word_1_193' title='bbox 771 3467 851 3549; x_wconf 88' lang='lat' dir='ltr'>quis,</span> <span class='ocrx_word' id='word_1_194' title='bbox 873 3466 950 3548; x_wconf 88' lang='lat' dir='ltr'>quid</span> <span class='ocrx_word' id='word_1_195' title='bbox 972 3464 1032 3532; x_wconf 89' lang='lat' dir='ltr'>tibi</span> <span class='ocrx_word' id='word_1_196' title='bbox 1053 3465 1140 3531; x_wconf 87' lang='lat' dir='ltr'>oum’</span> <span class='ocrx_word' id='word_1_197' title='bbox 1165 3515 1171 3528; x_wconf 95' lang='lat'>.</span> <span class='ocrx_word' id='word_1_198' title='bbox 1197 3512 1204 3527; x_wconf 87' lang='lat'><strong>.</strong></span> 
     </span>
     <span class='ocr_line' id='line_1_31' title="bbox 251 3565 1084 3652; baseline -0.006 -13"><span class='ocrx_word' id='word_1_199' title='bbox 251 3574 367 3639; x_wconf 88' lang='lat' dir='ltr'>Heaut.</span> <span class='ocrx_word' id='word_1_200' title='bbox 409 3572 451 3651; x_wconf 91' lang='grc' dir='ltr'>ΙΙ,</span> <span class='ocrx_word' id='word_1_201' title='bbox 475 3576 504 3652; x_wconf 88' lang='grc'>3,</span> <span class='ocrx_word' id='word_1_202' title='bbox 530 3576 569 3635; x_wconf 87' lang='lat'>18</span> <span class='ocrx_word' id='word_1_203' title='bbox 592 3571 620 3635; x_wconf 89' lang='lat' dir='ltr'><strong>A</strong></span> <span class='ocrx_word' id='word_1_204' title='bbox 643 3565 772 3637; x_wconf 77' lang='lat' dir='ltr'>‘minuis</span> <span class='ocrx_word' id='word_1_205' title='bbox 795 3588 866 3636; x_wconf 92' lang='lat' dir='ltr'>sum</span> <span class='ocrx_word' id='word_1_206' title='bbox 888 3568 1084 3651; x_wconf 85' lang='lat' dir='ltr'>obsequens’</span> 
     </span>
     <span class='ocr_line' id='line_1_32' title="bbox 593 3670 996 3752; baseline -0.002 -16"><span class='ocrx_word' id='word_1_207' title='bbox 593 3672 616 3736; x_wconf 92' lang='grc' dir='ltr'>Γ</span> <span class='ocrx_word' id='word_1_208' title='bbox 639 3670 765 3738; x_wconf 73' lang='lat' dir='ltr'>‘minuis</span> <span class='ocrx_word' id='word_1_209' title='bbox 788 3671 970 3752; x_wconf 83' lang='lat' dir='ltr'>obsequens</span> <span class='ocrx_word' id='word_1_210' title='bbox 979 3671 996 3735; x_wconf 87' lang='lat'>’.</span> 
     </span>
     <span class='ocr_line' id='line_1_33' title="bbox 248 3770 961 3859; baseline -0.01 -13"><span class='ocrx_word' id='word_1_211' title='bbox 248 3781 365 3846; x_wconf 87' lang='lat' dir='ltr'>Heaut.</span> <span class='ocrx_word' id='word_1_212' title='bbox 395 3778 451 3858; x_wconf 85' lang='lat' dir='ltr'>IV,</span> <span class='ocrx_word' id='word_1_213' title='bbox 473 3783 503 3858; x_wconf 86' lang='lat'>8,</span> <span class='ocrx_word' id='word_1_214' title='bbox 528 3784 546 3842; x_wconf 82' lang='lat' dir='ltr'>l</span> <span class='ocrx_word' id='word_1_215' title='bbox 591 3777 620 3841; x_wconf 88' lang='lat' dir='ltr'>A</span> <span class='ocrx_word' id='word_1_216' title='bbox 643 3773 743 3859; x_wconf 87' lang='lat' dir='ltr'>‘quid</span> <span class='ocrx_word' id='word_1_217' title='bbox 766 3770 816 3842; x_wconf 69' lang='lat' dir='ltr'>est</span> <span class='ocrx_word' id='word_1_218' title='bbox 835 3775 961 3857; x_wconf 74' lang='lat' dir='ltr'>jemne&#39;</span> 
     </span>
     <span class='ocr_line' id='line_1_34' title="bbox 590 3878 877 3962; baseline 0 -19"><span class='ocrx_word' id='word_1_219' title='bbox 590 3878 613 3943; x_wconf 95' lang='grc' dir='ltr'>Γ</span> <span class='ocrx_word' id='word_1_220' title='bbox 637 3878 731 3962; x_wconf 87' lang='lat' dir='ltr'>‘quid</span> <span class='ocrx_word' id='word_1_221' title='bbox 751 3878 877 3961; x_wconf 74' lang='lat' dir='ltr'>jemne’</span> 
     </span>
     <span class='ocr_line' id='line_1_35' title="bbox 248 3978 1229 4065; baseline -0.008 -15"><span class='ocrx_word' id='word_1_222' title='bbox 248 3985 326 4051; x_wconf 83' lang='lat' dir='ltr'>lieo.</span> <span class='ocrx_word' id='word_1_223' title='bbox 392 3984 446 4064; x_wconf 86' lang='lat' dir='ltr'>IV,</span> <span class='ocrx_word' id='word_1_224' title='bbox 470 3989 543 4064; x_wconf 82' lang='lat'>4,2</span> <span class='ocrx_word' id='word_1_225' title='bbox 588 3979 795 4065; x_wconf 77' lang='lat' dir='ltr'>A‘qutdem</span> <span class='ocrx_word' id='word_1_226' title='bbox 826 4000 900 4047; x_wconf 89' lang='lat' dir='ltr'>nam</span> <span class='ocrx_word' id='word_1_227' title='bbox 932 3980 1041 4045; x_wconf 75' lang='lat' dir='ltr'>hercle</span> <span class='ocrx_word' id='word_1_228' title='bbox 1074 3978 1229 4046; x_wconf 82' lang='lat' dir='ltr'>factumst</span> 
     </span>
     <span class='ocr_line' id='line_1_36' title="bbox 652 4084 887 4152; baseline -0.013 0"><span class='ocrx_word' id='word_1_229' title='bbox 652 4084 712 4152; x_wconf 88' lang='lat' dir='ltr'>abs</span> <span class='ocrx_word' id='word_1_230' title='bbox 734 4085 789 4150; x_wconf 89' lang='lat' dir='ltr'>te’</span> <span class='ocrx_word' id='word_1_231' title='bbox 814 4135 821 4150; x_wconf 88' lang='lat'><strong>.</strong></span> <span class='ocrx_word' id='word_1_232' title='bbox 848 4134 887 4149; x_wconf 94' lang='lat'>..</span> 
     </span>
     <span class='ocr_line' id='line_1_37' title="bbox 588 4185 1231 4269; baseline -0.008 -17"><span class='ocrx_word' id='word_1_233' title='bbox 588 4188 611 4252; x_wconf 90' lang='grc' dir='ltr'>Γ</span> <span class='ocrx_word' id='word_1_234' title='bbox 635 4188 781 4269; x_wconf 79' lang='lat' dir='ltr'>‘quidem</span> <span class='ocrx_word' id='word_1_235' title='bbox 803 4206 877 4254; x_wconf 91' lang='lat' dir='ltr'>nam</span> <span class='ocrx_word' id='word_1_236' title='bbox 898 4186 1008 4257; x_wconf 80' lang='lat' dir='ltr'>hercle</span> <span class='ocrx_word' id='word_1_237' title='bbox 1030 4185 1088 4253; x_wconf 86' lang='lat' dir='ltr'>abs</span> <span class='ocrx_word' id='word_1_238' title='bbox 1111 4190 1143 4250; x_wconf 91' lang='lat' dir='ltr'>te</span> <span class='ocrx_word' id='word_1_239' title='bbox 1229 4204 1231 4208; x_wconf 64' lang='grc'>’</span> 
     </span>
     <span class='ocr_line' id='line_1_38' title="bbox 653 4292 961 4359; baseline -0.01 -1"><span class='ocrx_word' id='word_1_240' title='bbox 653 4297 705 4359; x_wconf 90' lang='lat' dir='ltr'>est</span> <span class='ocrx_word' id='word_1_241' title='bbox 725 4292 863 4359; x_wconf 84' lang='lat' dir='ltr'>faetum&#39;</span> <span class='ocrx_word' id='word_1_242' title='bbox 890 4342 896 4355; x_wconf 93' lang='lat'><strong>.</strong></span> <span class='ocrx_word' id='word_1_243' title='bbox 922 4340 928 4355; x_wconf 89' lang='lat'><strong>.</strong></span> <span class='ocrx_word' id='word_1_244' title='bbox 954 4341 961 4355; x_wconf 86' lang='lat'><strong>.</strong></span> 
     </span>
    </p>
   </div>
   <div class='ocr_carea' id='block_1_2' title="bbox 1467 1198 1480 1244">
    <p class='ocr_par' dir='ltr' id='par_1_2' title="bbox 1467 1198 1480 1244">
     <span class='ocr_line' id='line_1_39' title="bbox 1467 1198 1480 1244; baseline 0 0"><span class='ocrx_word' id='word_1_245' title='bbox 1467 1198 1480 1244; x_wconf 62' lang='lat' dir='ltr'>Q</span> 
     </span>
    </p>
   </div>
   <div class='ocr_carea' id='block_1_3' title="bbox 1470 3185 1480 3230">
    <p class='ocr_par' dir='ltr' id='par_1_3' title="bbox 1470 3185 1480 3230">
     <span class='ocr_line' id='line_1_40' title="bbox 1470 3185 1480 3230; baseline 0 0"><span class='ocrx_word' id='word_1_246' title='bbox 1470 3185 1480 3230; x_wconf 80' lang='lat' dir='ltr'>t</span> 
     </span>
    </p>
   </div>
   <div class='ocr_carea' id='block_1_4' title="bbox 0 0 1488 4650">
    <p class='ocr_par' dir='ltr' id='par_1_4' title="bbox 0 0 1488 4650">
     <span class='ocr_line' id='line_1_41' title="bbox 0 0 1488 4650; baseline 0 2"><span class='ocrx_word' id='word_1_247' title='bbox 0 0 1488 4650; x_wconf 95' lang='lat' dir='ltr'> </span> 
     </span>
    </p>
   </div>
  </div>
 </body>
</html>
