2967 4650
727 223 765 284 13

176 391 320 474 duplices
342 392 498 457 lectiones
521 387 681 468 exhibent,
705 389 842 453 alteram
864 389 897 452 iu
920 393 1081 468 contextu,
1104 390 1239 458 alteram
1261 411 1315 459 su·

175 496 402 578 perscriptam,
426 513 559 578 quarum
581 512 658 576 pars
680 493 781 559 multo
803 492 906 573 maj0r
928 492 997 557 sine
1020 492 1116 559 dubio
1138 494 1180 560 ad
1203 496 1315 562 arche·

176 604 275 682 typon
298 599 323 662 Δ
346 599 440 664 redit.
487 599 566 665 Cum
597 602 704 663 autem
727 594 868 675 librarii,
899 595 955 677 qui
982 596 1057 662 illos
1079 596 1179 664 libros
1201 619 1315 667 exara·

174 708 298 783 verunt,
331 704 417 786 (vide
439 700 568 784 Umpfb.
591 721 622 783 p.
645 700 754 765 XVIII
777 699 860 783 sqq.)
892 700 925 763 In
955 699 1112 781 eligendis
1149 702 1315 786 archetypi

176 807 368 873 lectionibus
402 807 530 872 minime
561 808 748 871 constantes
777 801 840 868 sibi
878 802 1014 882 tuerint,
1047 821 1086 867 ex
1114 811 1316 886 extenuant

176 910 224 975 ita
246 910 359 988 dicam,
382 908 539 975 librorum
560 909 667 990 specie
689 925 752 971 non
775 910 920 986 apparet,
942 909 1017 971 utra
1031 926 1221 991 unoquoque
1244 910 1315 977 Ioco

175 1014 210 1077 in
233 1015 406 1096 archetypo
430 1033 449 1079 a
472 1013 576 1093 prima
596 1028 692 1075 manu
708 1009 839 1091 scripta,
862 1015 936 1075 utra
960 1029 979 1077 a
1001 1016 1182 1077 correctore
1205 1012 1317 1080 addita

177 1115 286 1196 fuerit,
309 1117 355 1182 sic
377 1120 414 1181 ut
437 1121 471 1182 et
493 1135 551 1181 eae
573 1116 765 1196 scripturae,
787 1131 869 1194 quae
891 1113 925 1176 in
946 1118 1082 1195 utroque
1097 1116 1317 1183 velolterutro

178 1222 287 1288 codice
310 1222 343 1286 in
367 1227 518 1286 contextu
539 1218 746 1295 exhibentur,
779 1220 813 1281 et
835 1234 912 1295 eae,
947 1234 1029 1296 quse
1052 1217 1086 1280 in
1107 1222 1245 1300 utroque
1267 1221 1319 1285 vel

177 1325 334 1390 alterutro
357 1323 594 1404 superscriptae
618 1326 708 1398 sunt,
730 1319 865 1402 prImam
888 1319 1053 1402 archetypi
1074 1338 1202 1386 manum
1224 1341 1318 1404 prae·

179 1433 269 1494 stare
291 1428 426 1509 possint.
472 1427 576 1506 Atque
599 1425 674 1506 quia
692 1423 753 1488 DG
776 1442 815 1487 ex
838 1422 950 1487 eodem
972 1423 1145 1506 archetypo
1160 1427 1224 1492 orti
1245 1432 1321 1493 sunt

177 1551 216 1597 ac
238 1532 355 1611 POBF,
378 1529 593 1614 quaerendum
623 1528 685 1593 erit
707 1526 740 1591 in
762 1526 941 1607 scripturae
971 1527 1212 1610 discrepantiis,
1245 1536 1320 1597 utra

178 1635 294 1702 classis
316 1634 350 1699 id
373 1639 485 1700 secuta
507 1635 560 1715 sit,
583 1638 658 1699 utra
680 1629 856 1696 deflexerit.

262 1735 548 1818 Umpfenbachius,
571 1735 621 1801 cui
643 1735 747 1816 primo
770 1734 810 1798 de
833 1733 893 1798 hac
916 1752 952 1799 re
971 1734 1118 1815 iudicare
1141 1735 1243 1816 licuit,
1266 1757 1319 1804 re-

175 1841 360 1906 censionem
384 1840 616 1921 Callippianam
632 1838 665 1902 in
686 1835 778 1902 libris
794 1836 879 1902 exII
903 1838 1057 1904 derivatis
1069 1836 1137 1903 fere
1159 1839 1318 1922 integram

178 1948 341 2010 servatam
364 1961 436 2009 esse
458 1947 562 2024 putat,
586 1943 618 2007 in
636 1941 822 2006 Victoriano
845 1946 953 2007 autem
974 1946 1007 2006 et
1029 1941 1206 2009 Decurtato
1227 1943 1319 2011 refic-

177 2053 246 2112 tam
268 2067 307 2113 ex
330 2052 507 2113 commento
523 2045 606 2110 Aelii
619 2045 738 2110 Donati
761 2050 829 2111 tam
852 2050 1047 2125 constanter,
1068 2051 1105 2111 ut
1125 2050 1319 2131 recensIoni·

176 2149 237 2216 bus
258 2149 404 2216 Bembini
426 2156 460 2215 et
481 2150 627 2230 integrae
651 2148 870 2229 Calliopianae
902 2149 1020 2213 tertiae
1051 2148 1192 2215 familiae
1215 2152 1319 2218 instar

177 2253 296 2321 addere
318 2253 478 2336 possimus
501 2257 678 2318 correctam
699 2270 716 2316 e
738 2252 866 2316 Donato
902 2251 947 2336 (p.
971 2251 987 2314 Ι
1010 2251 1083 2335 sq.).
1128 2253 1319 2322 Accuratius

176 2360 369 2425 sententiam
400 2359 440 2425 de
473 2358 581 2424 indole
611 2356 702 2422 codd.
733 2355 794 2420 DG
823 2355 983 2438 expressit
1016 2375 1046 2437 p.
1070 2357 1184 2438 LXIX,
1207 2359 1318 2427 dicens

176 2481 286 2529 eorum
309 2464 471 2544 exemplar
493 2462 539 2528 sic
562 2466 668 2529 ortum
690 2478 780 2539 esse,
815 2465 852 2525 ut
880 2459 994 2525 doctus
1017 2460 1134 2541 aliquis
1157 2480 1316 2542 gramma·

177 2567 271 2646 ticus,
294 2566 349 2647 qui
371 2571 405 2632 et
428 2566 531 2632 Seruii
565 2570 776 2632 commentum
811 2563 1030 2645 Vergilianum
1061 2569 1095 2628 et
1117 2565 1318 2632 Priscianum

178 2667 380 2749 adhibuerit,
403 2670 524 2736 Donati
546 2675 774 2747 commentum,
809 2674 994 2748 excerptum
1016 2672 1050 2733 et
1072 2670 1318 2752 transscriptum
1414 2705 1418 2712 ·

177 2774 211 2838 in
233 2771 352 2837 librum
380 2791 419 2838 ex
448 2773 578 2852 eadem,
613 2772 654 2837 ad
688 2790 783 2853 quam
805 2769 979 2836 Bembinus
1001 2772 1172 2854 pertineat,
1195 2774 1318 2840 familia

179 2875 357 2953 oriundum,
390 2876 505 2958 legerit
526 2882 623 2958 atque
646 2895 746 2955 exeo,
770 2893 852 2957 quae
870 2876 932 2955 ipsi
943 2876 1132 2955 placuerint,
1155 2878 1188 2941 in
1211 2896 1316 2942 exem-

178 2979 252 3060 pIar
271 2978 487 3058 Calliopianae
509 2981 705 3046 recensionis
729 2979 857 3062 (classis
874 2977 918 3060 II)
941 2978 1155 3043 transtulerit.
1201 2979 1318 3056 Quam-

178 3101 273 3162 quam
293 3081 394 3163 igitur
415 3100 433 3147 e
455 3084 553 3150 variis
576 3083 718 3149 fontibus
747 3082 877 3148 fluxisse
913 3082 1059 3148 concedit
1085 3082 1317 3166 Umpienbach,

179 3203 261 3266 quae
281 3184 342 3249 DG
364 3183 404 3250 ab
428 3185 699 3271 ,integrioribus“
736 3184 828 3251 libris
860 3185 1069 3266 Calliopianis
1100 3186 1317 3269 dIscrepantia

178 3286 337 3370 exhibent,
359 3292 467 3354 tamen
489 3291 582 3373 longe
597 3289 813 3373 largissimum
835 3308 945 3354 eorum
963 3290 1082 3354 Donati
1105 3298 1317 3357 commentum

177 3394 277 3462 fuisse
299 3395 347 3461 ita
369 3393 431 3460 sibi
452 3395 625 3474 persuasit,
638 3399 684 3460 'ut
705 3412 770 3459 non
797 3393 892 3458 modo
915 3393 1041 3458 illorum
1063 3392 1220 3460 librorum
1241 3414 1315 3475 pro·

177 3502 350 3584 prietatem
371 3500 553 3565 universam
575 3497 649 3561 inde
671 3497 881 3577 repetendam
904 3514 976 3562 esse
999 3497 1113 3577 ducat,
1137 3498 1195 3564 sed
1217 3502 1255 3563 ut
1276 3516 1316 3562 ex

178 3604 347 3686 scripturis
370 3621 480 3668 eorum
502 3600 700 3668 Donatianas
722 3600 878 3666 lectiones
900 3599 973 3664 elici
987 3618 1083 3680 posse
1103 3605 1222 3683 speret.
1246 3599 1317 3683 (cf.

176 3709 289 3774 PhiloI.
313 3707 446 3787 XXXII,
470 3703 558 3790 442).
738 3769 745 3785 ,

262 3813 423 3878 Assensus
472 3815 524 3875 est
564 3806 828 3891 Umphenbachio
867 3806 1034 3874 Conradus
1070 3807 1184 3891 Sydon
1222 3810 1257 3894 (I.
1285 3810 1316 3877 d.

176 3934 209 3998 p.
235 3920 250 3977 1
276 3918 338 3997 sq.)
361 3914 543 3982 accuratius
572 3913 698 3977 ineam
727 3931 796 3978 rem
817 3930 880 3976 non
902 3912 1076 3993 inquirens.
1101 3912 1136 3995 (l.
1160 3913 1191 3979 d.
1215 3932 1246 3995 p.
1272 3914 1315 3997 3).

265 4017 466 4083 Contrarium
488 4018 682 4085 sententIam
694 4017 914 4099 pronuntiavit
932 4015 1115 4081 Fridericus
1126 4016 1193 4081 Leo
1205 4015 1239 4100 (l.
1253 4015 1316 4098 d.):

176 4120 253 4188 inde
274 4120 379 4200 enim,
403 4123 488 4201 quod
508 4124 655 4188 Donatus
686 4122 720 4185 In
752 4120 864 4185 ordine
895 4119 1076 4185 fabularum
1100 4119 1223 4202 (Andr,
1246 4122 1318 4202 Ad,

174 4227 268 4307 Eun,
291 4223 432 4303 Phorm,
454 4224 582 4306 Heaut,
605 4224 698 4307 Hec.)
722 4243 793 4290 cum
815 4224 876 4289 DG
898 4224 1058 4290 consentit
1075 4228 1187 4289 contra
1209 4222 1316 4287 PCBF

175 4330 222 4414 (in
245 4329 361 4414 quibus
377 4328 510 4398 fabulae
531 4330 578 4397 sic
594 4329 817 4411 seexcipiunt:
844 4328 955 4411 Andr,
978 4329 1070 4406 Eun,
1093 4323 1221 4402 Heaut,
1245 4321 1316 4401 Ad,
