2967 4650
722 207 764 265 14

170 376 260 454 Heu,
281 371 423 454 Phorm.)
446 368 648 448 concludens,
671 371 915 451 grammaticum
925 372 1017 437 illum
1032 373 1065 438 in
1088 371 1317 441 conscribendo

171 474 399 545 commentario
422 473 586 554 exemplar
609 471 843 554 Galliopianum
873 475 915 540 ad
944 473 1100 541 familiam
1129 476 1191 542 DG
1214 478 1317 557 perti·

171 599 250 648 nens
271 583 416 646 secutum
438 594 521 655 esse,
544 576 670 655 statuit,
693 575 776 642 hanc
799 576 957 643 familiam
978 578 1187 661 integriorem
1200 579 1317 647 Callio-

172 684 288 767 pianae
319 679 516 746 recensionis
560 679 695 746 formam
735 684 922 761 praestaro,
959 680 1067 747 ΡΟΒΙ1
1109 682 1317 766 archetypum

173 787 279 853 denuo
302 803 375 850 esse
406 788 630 849 retractatum.
677 783 770 861 Quod
792 782 921 865 quidem
950 784 1223 867 Umpfenbuchius
1245 804 1318 852 oon·

174 895 304 956 centum
331 889 422 954 illum
443 886 491 952 ita
512 887 670 969 explicat,
700 891 737 952 ut
769 885 804 950 in
825 887 886 953 DG
908 888 1053 954 ordinem
1074 887 1257 956 fabulamm
1277 889 1319 955 ad

172 993 295 1060 Donati
319 995 534 1058 commentum
554 995 715 1057 mutatum
738 1009 811 1057 esse
833 991 931 1072 dicat,
953 1010 1005 1057 me
1026 991 1136 1072 judice
1148 991 1269 1058 0110111
1280 991 1315 1074 ¹).

174 1096 259 1163 Nam
279 1095 418 1179 primum
440 1113 599 1164 consensu
619 1097 712 1162 codd.
736 1097 766 1161 D
790 1101 825 1162 01
846 1096 876 1162 G
899 1092 1102 1177 comprobari
1124 1095 1263 1176 videtur,
1286 1096 1319 1160 in

175 1218 285 1267 eorum
310 1199 485 1281 archetypo
509 1201 533 1264 Δ
554 1201 622 1282 jam
644 1199 782 1265 eundem
804 1199 949 1265 ordinem
971 1199 1084 1277 fuisse,
1108 1217 1179 1265 oum
1190 1198 1321 1263 minimo

174 1303 349 1371 verisimile
373 1304 417 1369 sit
438 1304 523 1369 hunc
544 1302 661 1369 librum
688 1302 789 1368 etiam
823 1302 885 1368 hac
906 1301 940 1366 in
961 1320 998 1367 10
1021 1320 1093 1367 cum
1115 1302 1320 1386 „integriori-

175 1405 256 1472 bus“
278 1424 354 1471 mss.
379 1405 460 1471 Call.
483 1409 682 1475 recensionis
714 1404 937 1487 conspirasse,
971 1408 1188 1470 correctorem
1211 1410 1320 1471 autem

178 1510 402 1593 aliquomodo
425 1509 632 1592 significasse,
659 1508 790 1576 fabulas
812 1526 885 1574 esse
912 1505 1179 1587 transponendus.
1222 1507 1322 1588 Equi·

177 1615 251 1680 dem
272 1614 469 1694 persuadere
491 1614 569 1678 mihi
590 1633 655 1679 non
676 1630 826 1695 possum,
859 1615 927 1676 tum
950 1615 984 1676 et
1006 1611 1035 1675 D
1060 1615 1094 1676 et
1116 1610 1146 1675 G
1169 1611 1260 1677 codd.
1283 1611 1322 1675 li·

176 1716 303 1782 brarios
326 1716 419 1797 signa
441 1717 699 1783 correctoris-
721 1735 797 1781 111111
819 1715 883 1780 alio
906 1714 1000 1780 modo
1022 1712 1090 1792 vix,
1114 1712 1191 1794 quid
1213 1713 1321 1807 vellet,

179 1819 349 1886 ostendere
361 1823 626 1901 poterat—tam
637 1824 789 1885 accurate
809 1834 869 1900 per
891 1835 1001 1883 omnes
1023 1814 1150 1882 fabulas
1171 1813 1321 1882 observa-

180 1927 271 1988 turos
297 1920 407 1986 fuisse.
452 1920 501 1987 Ab
526 1923 631 1988 alters
653 1928 748 2003 parte
781 1922 827 1986 nil
850 1919 976 1999 obstat,
1006 1918 1083 2001 quin
1104 1919 1247 1984 ordinem
1268 1938 1322 1985 co-

179 2024 286 2091 dicum
306 2024 383 2103 DG,
407 2024 462 2105 qni
484 2024 525 2091 ad
547 2026 732 2091 litterarum
754 2024 871 2090 seriem
892 2023 999 2090 1001111
1021 2041 1094 2090 esso
1116 2023 1244 2089 ridetur
1266 2022 1324 2107 (ub

181 2130 289 2211 aliquo
313 2128 368 2210 qui
389 2127 518 2193 Formio
541 2128 681 2211 scripsit,
704 2126 762 2193 cfr.
776 2128 842 2193 Leo
858 2147 889 2209 p.
906 2126 983 2209 319)
1003 2127 1070 2208 Jam
1081 2127 1201 2193 Donati
1215 2131 1325 2193 aetate

178 2231 379 2315 divulgatum
402 2231 500 2296 ctiam
520 2232 556 2295 in
578 2231 728 2312 Calliopii
760 2229 934 2312 exemplari
965 2229 1066 2296 fuisse
1099 2236 1196 2312 atque
1220 2229 1260 2296 sb
1284 2249 1323 2296 co

180 2343 347 2419 receptum
369 2355 441 2402 esse
463 2340 622 2417 putemus.
668 2335 896 2417 Quoquomodo
926 2353 980 2400 res
1010 2334 1183 2414 sehabet,
1213 2336 1254 2402 de
1276 2336 1325 2401 in·

181 2442 255 2509 dole
278 2440 471 2522 exemplaris
492 2439 669 2506 Donatiani
701 2445 759 2505 aut
781 2440 821 2506 ds
851 2439 979 2505 ratione
1000 2439 1087 2506 inter
1109 2441 1189 2506 duas
1211 2458 1323 2507 recen-

179 2546 278 2614 sionis
300 2544 519 2626 Oalliopianas
555 2543 677 2610 classes
701 2544 924 2610 intercedente
957 2541 1038 2608 nihil
1073 2544 1155 2609 certi
1175 2544 1251 2610 inde
1273 2562 1325 2610 se·

82 2713 86 2722 .
184 2649 302 2731 quit.

274 2752 449 2817 Praeterea
469 2750 578 2832 magni
600 2750 753 2816 momenti
775 2749 842 2814 Leo
871 2767 943 2814 esse
965 2752 1061 2829 putat
1081 2749 1115 2831 (l.
1140 2749 1169 2813 d.
1194 2767 1226 2830 p.
1249 2751 1327 2832 334)

186 2858 315 2922 litteras
325 2852 441 2919 rubras
452 2852 605 2932 Graecus,
628 2852 744 2935 quibus
754 2853 788 2916 in
805 2853 946 2934 Daeque
955 2856 1052 2933 atque
1074 2852 1147 2915 inA
1167 2869 1326 2933 personae

185 2958 341 3040 distingui
362 2956 478 3023 solent.
523 2957 567 3021 At
598 2956 660 3022 hac
690 2957 723 3021 in
753 2974 789 3021 re
818 2956 847 3020 D
879 2956 973 3037 longe
1003 2954 1205 3036 frequentius
1234 2952 1327 3019 abA

186 3061 348 3140 dissentit,
371 3077 466 3141 quum
489 3060 519 3125 ei
541 3059 768 3142 adstipulatur,
790 3065 827 3127 ut
841 3058 1064 3141 Umplenbach
1086 3058 1130 3140 (p.
1152 3056 1241 3139 XXI)
1263 3075 1328 3123 non

185 3165 272 3232 ausit
292 3181 351 3245 pro
375 3166 463 3227 certo
487 3161 649 3230 affirmare
672 3163 894 3249 ,grammatici
908 3163 1044 3244 alicujus
1061 3161 1220 3244 positione
1233 3166 1329 3227 notus

186 3271 264 3337 illas
285 3268 430 3334 invectas
451 3265 561 3345 esse“;
586 3265 645 3332 scd
674 3267 751 3332 licet
772 3265 849 3332 illae
870 3269 966 3331 notae
987 3265 1020 3328 in
1046 3264 1069 3328 Γ
1091 3264 1221 3343 fuerint,
1244 3265 1277 3329 in
1298 3262 1328 3326 ll

186 3380 296 3442 autem
318 3369 488 3456 (librorum
501 3369 608 3436 POBF
630 3369 819 3453 archetypo)
842 3369 979 3435 omissae
1002 3369 1077 3448 sint,
1098 3374 1208 3434 tamen
1230 3387 1269 3434 ex
1289 3385 1329 3433 ea

264 3603 292 3673 1)
310 3600 355 3655 Ad
374 3600 446 3656 idem
464 3614 550 3668 genus
568 3601 706 3668 pertinet,
725 3599 798 3668 quod
816 3598 974 3656 dubitanter
991 3595 1223 3666 Umpfenbuchins
1242 3594 1330 3662 suspi-

188 3699 277 3759 catur,
295 3691 325 3745 in
341 3688 392 3743 Du
410 3687 577 3743 didascalica
595 3688 718 3757 prologis
736 3694 887 3756 propterea
913 3685 1084 3754 postpositas
1103 3696 1171 3750 esse,
1190 3680 1256 3750 quia
1275 3680 1331 3734 Do·

192 3782 252 3837 nati
271 3778 441 3847 exemplaria
459 3778 576 3845 primurn
595 3777 703 3845 prologi
721 3792 830 3831 versum
853 3776 988 3830 lemmatis
1006 3775 1095 3828 instar
1112 3769 1331 3839 praefationibus

190 3869 369 3939 praemittant
393 3867 431 3936 (p.
451 3865 589 3935 LXXIX).
625 3865 726 3920 Mirum
752 3879 818 3919 11110
837 3863 1027 3931 stupiditatem
1046 3860 1136 3930 „docti
1154 3858 1230 3912 illius
1243 3872 1333 3926 gram·

192 3957 313 4024 mstici“,
332 3956 379 4023 qul
398 3954 520 4010 codicem
540 3948 561 4004 Δ
581 3953 711 4021 correxit,
729 3967 939 4020 agnosceremus
957 3955 1158 4018 putanteseum
1175 3947 1226 4001 illu
1243 3960 1274 4000 10
1292 3945 1333 3998 in·

191 4046 302 4102 ductum
319 4057 394 4108 esso,
422 4047 453 4095 ut
479 4041 616 4111 ordinem,
635 4057 714 4109 quem
732 4042 793 4109 ipse
809 4041 935 4096 Donatus
962 4042 1071 4093 secutus
1090 4042 1132 4091 est
1153 4033 1332 4089 didascalicum

191 4142 256 4192 ante
274 4132 419 4202 prologum
436 4144 579 4197 enarrans,
597 4130 745 4185 restituere
764 4129 876 4185 studens
889 4141 987 4195 reapse
997 4126 1153 4181 inverteret.
1190 4124 1335 4187 cnrprae·

190 4233 268 4280 terea
286 4239 342 4279 non
359 4225 523 4289 argumenta
540 4235 648 4289 quoque
667 4225 731 4288 post
759 4219 890 4287 prologos
918 4215 1012 4285 posuit
1029 4214 1065 4270 ob
1082 4212 1194 4269 eandem
1212 4222 1334 4274 causum,

190 4311 241 4367 ssd
259 4327 308 4368 suo
326 4311 388 4366 loco
407 4306 542 4375 reliquit?

1463 3847 1477 3884 0
