2967 4650
254 1199 451 1269 Ritscbelius
482 1200 516 1267 in
546 1197 651 1263 indice
681 1197 864 1264 scholarum
887 1194 1178 1262 Vratislavensium
1198 1190 1305 1260 hiber·

168 1323 281 1371 narum
303 1323 333 1370 a.
358 1307 442 1368 1838
471 1305 560 1368 recto
590 1301 724 1379 statuit,
759 1300 1027 1366 Terentianorum
1065 1296 1210 1364 codicum
1242 1298 1305 1363 duo

168 1425 241 1474 esse
262 1425 391 1490 genera,
413 1404 576 1486 antiquius
598 1403 747 1486 alterum,
770 1404 910 1470 alterum
931 1421 949 1468 e
971 1402 1174 1483 Galliopiana
1195 1420 1305 1469 recen·

171 1512 263 1577 sione
284 1510 429 1576 ductum:
452 1508 539 1573 illius
563 1525 636 1575 osse
657 1507 752 1588 longe
770 1507 1027 1587 antiquissimum
1037 1494 1236 1586 Rembinum,
1258 1506 1309 1570 cui

170 1614 251 1680 satis
273 1611 468 1679 confidenter
490 1610 727 1687 Victorianum,
752 1609 937 1676 dubitanter
958 1611 1171 1675 Decurtatum
1190 1609 1307 1691 jungit,

168 1717 231 1783 hnc
270 1715 432 1797 pertinere
470 1718 611 1791 ceteros,
651 1718 810 1794 quotquot
850 1717 1025 1779 exstarent.
1071 1712 1170 1778 Cuius
1196 1710 1309 1793 judicii

168 1822 295 1899 partem
317 1816 454 1882 alteram
475 1834 582 1881 veram
599 1833 684 1895 esse,
706 1814 1112 1896 alteramrestringendam
1127 1833 1210 1881 nunc
1225 1832 1310 1880 com·

169 1926 299 2002 pertum
336 1917 509 1986 hebemus:
545 1924 717 2001 postquam
747 1919 832 1984 enim
867 1919 1059 1985 Franciscus
1088 1914 1311 1999 Umpfenbacb

171 2026 254 2092 duos
275 2023 349 2090 illos
371 2021 483 2103 libros,
506 2024 560 2104 qui
582 2022 638 2090 diu
658 2023 692 2087 in
721 2020 867 2089 tenebris
893 2022 1074 2101 latuerant,
1096 2020 1310 2102 recuperavit,

169 2125 390 2193 Victorianum
411 2126 446 2190 in
467 2126 703 2206 Laurentiana,
725 2126 937 2192 Decurtotum
959 2126 993 2192 in
1015 2124 1173 2191 Vaticana
1193 2122 1311 2190 biblio·

171 2232 287 2311 theca,
322 2250 361 2296 ex
389 2230 571 2313 antiquiore
604 2249 721 2313 genere
751 2249 850 2298 unum
881 2230 1070 2297 Bembinum
1102 2230 1145 2296 ad
1166 2236 1310 2297 nostrum

173 2337 360 2402 memoriam
381 2336 540 2402 mansisse
571 2336 707 2415 scimus3
737 2354 813 2402 nam
828 2336 883 2417 qui
905 2337 936 2402 ei
958 2335 1087 2418 cognati
1107 2334 1309 2413 ridebantur,

170 2442 235 2522 ipsi
258 2445 406 2522 apertum
430 2440 650 2521 Calliopianae
672 2440 870 2507 recensionis
892 2441 1018 2522 signum
1031 2458 1112 2520 prae
1134 2458 1170 2506 se
1192 2440 1310 2518 ferunt,

171 2543 374 2625 grammatici
396 2541 484 2608 illius
506 2540 785 2624 subscriptionem.

258 2646 457 2728 Quamquam
495 2647 594 2728 igitur
633 2651 761 2713 constat
808 2651 940 2727 praeter
967 2643 1157 2714 Bembinum
1201 2666 1311 2714 omnes

177 2749 304 2816 codices
326 2749 367 2815 ad
390 2749 624 2830 Galliopianam
645 2750 866 2816 recensionem
894 2749 1019 2829 redire,
1049 2756 1159 2817 tamen
1184 2750 1251 2833 Jam
1274 2770 1313 2816 ex

171 2854 222 2932 iis,
246 2871 328 2934 quae
351 2852 497 2932 diximus,
521 2853 637 2932 elucet,
660 2853 821 2921 diuersam
842 2854 956 2919 borum
978 2851 1134 2921 librorum
1154 2855 1312 2921 rationem

172 2975 254 3037 esse,
278 2974 412 3039 quorum
434 2961 501 3022 tres
524 2956 664 3023 familias
686 2963 776 3024 recte
800 2955 1074 3038 Umpfenbachius
1096 2957 1244 3024 distinxit
1266 2959 1314 3041 (in

172 3060 313 3126 editione
335 3078 366 3141 p.
389 3060 406 3123 Ι
426 3060 509 3143 sq.):
541 3078 605 3127 una
634 3060 784 3142 propius,
826 3060 931 3126 altera
967 3060 1093 3142 longius
1115 3080 1136 3127 a
1157 3061 1311 3128 Bembino

172 3164 295 3242 distat3
328 3163 427 3228 tertia
461 3182 500 3228 ex
533 3164 581 3229 eis
610 3163 700 3229 vario
729 3167 984 3244 temperamento
1012 3164 1113 3230 mixta
1133 3171 1185 3231 est
1206 3165 1253 3232 sic
1274 3172 1313 3233 ut

172 3264 267 3330 modo
290 3264 371 3330 hanc
394 3266 489 3330 modo
524 3265 614 3331 illam
645 3270 811 3347 sequatur.
856 3266 960 3332 Huius
982 3265 1124 3333 familiae
1145 3266 1256 3348 libros,
1279 3270 1313 3333 in

172 3365 288 3449 quibus
311 3368 528 3453 ,noviciomm
549 3366 756 3435 librariorum
780 3369 854 3435 hinc
884 3369 973 3436 illinc
1004 3369 1203 3436 diuersorum
1225 3371 1312 3437 codi-

173 3489 243 3537 cum
278 3471 435 3539 lectiones
476 3472 718 3554 decerpentium
758 3478 793 3539 et
822 3474 1106 3540 contaminantium
1145 3472 1312 3541 libidinem

173 3575 393 3657 agnoscimur
426 3574 547 3659 (Umpf.
571 3595 602 3657 p.
624 3576 742 3660 LXIX)
773 3576 891 3643 missos
913 3576 1080 3655 facientes,
1114 3593 1197 3660 quae
1225 3580 1310 3644 ratio

170 3681 255 3745 inter
276 3680 358 3746 duas
380 3678 453 3746 illas
476 3679 747 3761 Calliopianorum
778 3678 934 3747 librorum
954 3679 1096 3747 familias
1118 3681 1309 3760 intercedat,

172 3799 327 3862 quaerere
348 3781 442 3849 nobis
463 3784 696 3865 proposuimus.

258 3883 304 3949 Ut
325 3884 568 3953 undamentum
588 3886 683 3953 buius
712 3886 951 3953 dissertationis
973 3902 1138 3968 ponemus,
1162 3905 1241 3968 opus
1263 3888 1310 3954 vi-

169 3986 278 4066 detur,
299 4006 402 4068 pauca
424 3990 465 4055 de
492 3990 642 4071 Galliopii
671 4009 770 4072 opera
798 3989 950 4071 praefari,
973 3991 1049 4072 quia
1069 3991 1132 4058 nisi
1153 3992 1215 4057 hac
1236 4010 1310 4073 per·

171 4095 285 4172 specta
322 4092 498 4176 disceptari
530 4093 617 4160 baud
638 4095 778 4175 poterit,
812 4094 867 4176 qui
897 4092 973 4159 libri
1004 4095 1211 4177 integriorem
1240 4095 1310 4174 ejus

170 4195 368 4263 recensionis
390 4196 710 4276 formamtenuerint,
734 4195 995 4279 quideflexerint.
1039 4196 1180 4276 Intelligi
1200 4199 1308 4260 autem

169 4305 280 4381 potest
300 4301 386 4369 ratio
398 4302 617 4384 Calliopianae
630 4300 826 4368 recensionis
837 4302 1075 4382 comparatione
1089 4300 1175 4364 inter
1196 4294 1307 4375 libros,

1048 4408 1064 4465 1
1075 4401 1092 4438 =l=
