2967 4650
740 203 759 263 9

179 372 316 458 tisper’3
344 389 418 440 nam
447 371 533 455 quod
561 369 665 436 Bentl.
698 374 811 436 contra
840 371 999 438 Faernum
1035 376 1214 460 contendit,
1248 399 1319 448 eam

179 497 290 546 uocem
312 474 460 543 absolute
482 473 557 557 poni
579 491 641 538 non
663 490 777 554 posse,
809 472 843 538 id
872 474 905 539 in
925 475 1009 544 huno
1031 477 1135 546 locum
1157 500 1220 548 non
1242 503 1320 566 qua-

180 582 265 660 drat,
287 579 364 663 quia
385 597 449 645 non
470 576 618 645 absolute
640 576 748 658 posita
777 583 849 643 est:
879 577 1126 665 intelligendum
1148 592 1199 652 est
1222 589 1321 654 enim:

181 686 257 752 dum
280 702 339 767 ego
361 683 489 749 rediero
509 681 582 764 (111
601 679 744 762 uenero).
789 679 859 745 Hoc
889 680 1026 765 denique
1047 705 1140 753 nemo
1162 708 1226 755 nou
1248 710 1321 757 oon-

181 788 285 867 cedet,
318 787 371 854 rix
392 785 491 852 ullam
514 801 643 850 causum
665 801 762 864 posse
784 783 929 866 cogitari,
952 805 1010 853 cur
1031 788 1148 872 aliquis
1168 812 1227 873 pro
1249 794 1321 862 cal.

44 938 66 961 ..
181 891 324 974 liopiana
345 889 508 971 scriptura
530 905 600 954 eam
623 886 780 966 intulerit,
803 905 885 968 quae
907 888 940 954 in
962 891 991 955 A
1012 893 1136 960 tradita
1157 902 1217 963 est.

266 995 314 1060 Ut
334 994 386 1060 his
407 992 487 1058 locis
509 989 728 1074 grauioribus,
759 990 805 1056 sic
838 992 879 1058 iis
914 1012 1039 1077 quoque
1071 996 1152 1064 fides
1173 999 1321 1071 habenda

184 1103 236 1166 est
257 1096 422 1176 Bembino,
444 1094 501 1162 ubi
522 1095 556 1159 in
578 1093 602 1158 Γ
624 1113 726 1160 novae
748 1096 880 1161 voculae
893 1098 1050 1165 accedunt
1073 1100 1116 1166 ad
1130 1107 1323 1172 sententiam

182 1201 408 1268 illustrandam
429 1203 525 1281 aptae
547 1216 605 1264 nec
627 1201 736 1263 tamen
758 1198 971 1266 necessariae.
1018 1201 1216 1287 Quamquam
1238 1209 1323 1274 enim

182 1303 356 1372 Bembinus
384 1301 547 1368 interdum
576 1306 690 1383 peccat
718 1299 819 1367 verba
850 1304 1018 1385 omittens,
1053 1311 1180 1389 tamen,
1211 1309 1266 1377 ubi
1288 1318 1322 1379 et

181 1409 252 1491 ipse
274 1407 383 1475 sensui
405 1410 440 1472 et
459 1404 567 1472 111111
589 1403 760 1484 satisfacit,
783 1403 829 1470 ibi
842 1405 971 1472 additas
982 1408 1015 1473 in
1028 1409 1108 1476 Call.
1131 1430 1206 1478 mss.
1228 1432 1323 1482 voces

183 1530 256 1579 esse
274 1509 466 1594 judicamus.
511 1508 565 1575 Sic
586 1526 682 1590 saepe
714 1507 872 1591 asyndeton
905 1506 1034 1577 sublata
1056 1518 1132 1579 sunt
1153 1517 1322 1597 particulis

187 1614 398 1699 conjunctivis
420 1612 558 1680 additis:
581 1611 699 1679 Heaut.
722 1612 762 1692 V,
788 1617 816 1692 1,
841 1618 898 1693 733
923 1619 979 1695 743
1002 1615 1080 1681 Pho.
1103 1617 1144 1698 11,
1170 1623 1198 1699 1,
1222 1625 1261 1701 6;
1283 1622 1323 1701 V,

183 1728 214 1801 8,
225 1726 284 1800 893
306 1720 346 1800 V,
359 1722 452 1798 9,61.
468 1752 507 1765 -
524 1715 580 1782 cfr.
593 1716 671 1782 Pho.
682 1716 722 1796 V,
735 1720 765 1795 9,
781 1720 817 1780 6:
840 1717 869 1780 A
891 1718 1096 1802 ‘quidergoi
1118 1722 1326 1804 quidistic’?

839 1818 863 1883 Γ
887 1821 981 1901 ‘quid
993 1829 1102 1905 ergost
1112 1826 1196 1907 quod
1210 1828 1327 1895 istic'?

271 1926 394 2008 copula
415 1925 539 1992 inserta
560 1928 627 1991 est:
662 1922 780 1991 Heaut.
805 1923 845 2002 11,
871 1929 900 2004 3,
926 1928 1005 2004 1023
1028 1926 1067 2006 V,
1091 1931 1121 2008 2,
1147 1934 1181 2009 13
1205 1935 1257 1996 47,
1279 1968 1323 1982 ..

184 2030 404 2114 ι11111111.
427 2027 485 2108 ΙΠ,
511 2033 539 2107 1,
563 2030 621 2107 323
643 2025 761 2094 Heaut.
784 2027 810 2105 1,
835 2031 863 2107 1,
887 2031 946 2107 463
978 2027 1019 2109 11,
1045 2035 1073 2109 1,
1098 2034 1136 2109 23
1165 2033 1243 2098 Pho.
1266 2035 1323 2116 IV,

186 2142 216 2215 3,
239 2139 291 2200 45.
314 2132 442 2198 ‘nam':
465 2132 582 2198 Heaut.
606 2130 645 2210 V,
670 2136 699 2211 1,
724 2136 761 2210 53
783 2130 861 2196 Pho.
885 2132 910 2209 l,
933 2136 963 2212 4,
986 2136 1015 2197 6.
1062 2133 1324 2204 Pronominaad-

184 2238 359 2305 ditasunt:
383 2235 469 2302 ‘id'z
492 2234 610 2301 Heaut.
623 2235 704 2316 prol.
721 2239 778 2314 193
801 2234 880 2300 Pho.
896 2234 935 2314 V,
961 2240 990 2316 3,
1015 2240 1072 2315 353
1096 2243 1125 2318 8,
1150 2244 1207 2319 583
1229 2241 1324 2309 ‘hoc’

184 2343 303 2410 Heaut.
324 2342 367 2422 11,
391 2347 421 2421 3,
444 2345 502 2419 86;
525 2340 603 2407 Η11.
625 2339 664 2420 V,
684 2344 712 2419 1,
738 2343 794 2419 36;
817 2340 895 2405 Pho.
918 2340 958 2420 V,
983 2345 1013 2421 3,
1037 2346 1098 2424 27;
1121 2380 1165 2392 -
1187 2346 1323 2415 ‘hanc':

183 2443 979 2525 111111,5,21.-11111’;Η11.ΙΠ,3,33.
1006 2481 1041 2494 -

271 2549 350 2615 Cum
371 2548 406 2612 in
426 2547 478 2613 his
501 2546 681 2629 scripturae
704 2546 930 2627 discrepantiis
942 2548 1108 2614 consilium
1130 2568 1323 2634 cognoscere

184 2655 284 2720 liceat
311 2649 518 2718 succurrendi
549 2650 723 2733 legentium
754 2650 989 2732 commoditati,
1018 2671 1151 2735 magnus
1173 2675 1322 2725 versuum

184 2774 336 2824 numerus
359 2759 484 2836 exstat,
513 2753 569 2820 ubi
591 2772 722 2820 causam
753 2755 899 2820 mutandi
920 2773 984 2821 non
1004 2757 1221 2841 intelligimus.
1265 2761 1322 2826 Ni·

185 2860 301 2925 mirum
322 2855 498 2939 dalliopius
519 2859 554 2923 in
574 2857 764 2922 recensendi
794 2876 894 2939 opera
922 2858 1028 2924 studio
1050 2861 1189 2927 novandi
1210 2869 1323 2944 raptus

186 2968 246 3043 est,
267 2963 316 3028 ita
337 2966 375 3027 ut
395 2961 521 3044 longius
543 2979 563 3027 1
583 2957 737 3025 Bembino
761 2958 883 3026 distare
913 2960 982 3042 eius
1003 2963 1148 3029 recensio
1169 2964 1325 3044 videatur,

186 3083 282 3147 quam
303 3065 360 3129 ille
382 3082 402 3130 1
424 3063 560 3146 pristina
581 3060 763 3129 fabularum
785 3061 898 3151 forms.
944 3062 1086 3130 Similem
1104 3068 1323 3134 recensionem

187 3167 324 3233 aliorum
345 3167 538 3248 scriptorum
559 3164 634 3231 libri
655 3166 744 3248 passi
767 3171 859 3233 sunt:
893 3165 983 3232 cuius
1014 3168 1064 3233 rei
1086 3187 1104 3234 e
1126 3171 1247 3237 nostris
1269 3172 1323 3238 lit·

187 3270 269 3335 teris
299 3270 477 3352 exemplum
498 3268 656 3351 praebent
685 3275 798 3337 cantus
829 3270 1039 3338 ecclesiastici
1059 3278 1167 3341 aetate
1189 3275 1325 3342 Lutheri

186 3374 363 3456 compositi,
386 3374 441 3455 qui
461 3373 558 3439 hodie
579 3374 698 3455 partim
719 3373 768 3440 ita
790 3374 831 3440 ad
853 3372 1017 3442 libidinem
1030 3379 1146 3444 mutati
1168 3377 1324 3460 feruntur,

185 3482 224 3543 ut
245 3496 343 3559 saepe
364 3476 417 3543 vix
439 3477 568 3544 eosdem
591 3495 663 3543 esse
693 3495 876 3560 cognoscas.
920 3477 1036 3546 Elucet
1057 3481 1213 3563 ejusmodi
1236 3482 1324 3560 locis,

186 3579 242 3647 ubi
264 3587 298 3647 et
319 3578 465 3646 Bembini
487 3585 522 3646 11
544 3580 694 3662 calliopii
715 3582 877 3663 scriptura
898 3600 957 3664 per
979 3601 1014 3649 se
1036 3583 1222 3667 ipsaueque
1243 3583 1326 3652 bene

77 3697 91 3718 ²
187 3684 252 3766 legi
272 3689 399 3766 potest,
422 3703 526 3766 neque
555 3702 612 3751 cur
645 3686 821 3751 correxerit
853 3686 908 3752 ille
930 3687 1158 3768 grammaticus
1180 3697 1326 3772 apparet,

186 3785 333 3851 Bembini
355 3788 582 3854 auctoritatem
612 3805 784 3871 sequamur
812 3807 944 3855 necesse
975 3807 1047 3855 esse
1068 3795 1203 3872 propter
1224 3792 1258 3857 id
1280 3794 1328 3875 ip·

188 3904 269 3966 sum,
291 3890 375 3969 quod
398 3891 533 3959 alterius
555 3892 752 3957 recensionis
774 3889 873 3957 verba
893 3911 914 3958 a
935 3893 1004 3958 uiro
1016 3893 1200 3960 litterarum
1222 3896 1328 3962 studio

189 3990 301 4057 dedito
324 3993 523 4063 conformata
545 4014 617 4062 esse
641 3996 768 4063 scimus.
814 3996 860 4062 Ut
888 4015 985 4062 unum
1007 3996 1120 4064 harum
1143 3998 1328 4081 discrepan-

189 4095 309 4161 tiarum
330 4114 432 4178 genus
452 4100 705 4180 perlustramus,
729 4118 769 4164 ex
790 4117 937 4165 sermone
961 4101 1155 4168 Terentiano
1178 4107 1235 4168 aut
1256 4120 1328 4166 sen-

189 4199 365 4267 tentiarum
397 4219 481 4268 nexu
510 4204 582 4284 quis
615 4201 793 4285 dijudicare
824 4206 950 4284 potest,
983 4210 1059 4272 utra
1091 4205 1205 4269 horum
1237 4220 1329 4284 syno-

192 4320 356 4384 nymorum
379 4306 517 4388 genuina
538 4306 627 4374 sint?
