2967 4650
720 355 733 384 θ
749 353 762 385 θ

229 404 259 469 D
283 401 410 484 ‘Neque
434 398 704 478 deiecisoaruuq3
723 355 919 477 grpenuer',
942 393 1122 478 (‘leciscar'
1145 396 1178 460 in
1199 398 1279 479 rae.)

228 507 327 573 Dicat
347 506 487 573 fortasse
509 501 677 584 quispiam,
701 498 913 582 Garohetypi
933 499 1070 580 vestigia
1082 505 1281 581 prementem

140 611 375 695 Calliopieusm
395 609 567 676 lectionem
589 623 736 672 servasse
759 603 920 687 (neglecta
937 604 1146 670 collocatione
1166 602 1280 670 verbo·

140 715 238 798 rum),
260 716 294 779 iu
317 712 345 777 Π
368 718 477 780 autem
499 708 667 778 alibrario
683 707 791 789 aliquo
814 706 929 772 ‘adeo'
952 707 986 771 in
1009 706 1100 788 ‘ego‘
1121 712 1281 773 munium

140 824 239 900 atque
261 818 322 884 hoc
344 836 383 882 ex
406 816 475 897 eJus
498 814 612 880 classis
634 811 744 878 codiee
766 810 800 875 in
819 811 850 875 D
865 810 1059 877 translatum
1081 827 1162 876 esse.
1208 810 1279 895 (eir.

140 920 250 1003 Umpi.
272 920 373 1003 praei.
395 938 427 1001 p.
449 917 534 1000 XX.)
580 915 639 982 Oui
659 932 701 980 ne
723 914 898 993 assentiar,
920 911 1052 981 obstant
1073 913 1137 980 duo
1158 932 1281 993 versus,

141 1026 177 1090 in
199 1020 315 1105 quibus
337 1041 408 1089 cum
426 1023 512 1087 inter
527 1018 627 1085 libros
641 1018 858 1099 Callippianos
874 1017 913 1083 de
928 1017 1089 1099 scriptura
1104 1018 1281 1096 conseruat,

142 1125 327 1208 suspiceris,
349 1124 466 1193 ‘adeo’
488 1143 510 1189 a
532 1121 688 1205 calliopio
711 1121 782 1203 ipso
806 1121 971 1203 expulsum
992 1138 1074 1188 esee.

228 1228 307 1295 Pho.
329 1228 368 1308 V,
392 1232 422 1307 8,
448 1231 497 1292 13.
542 1228 571 1291 A
593 1224 707 1307 ‘idque
728 1224 810 1291 adeo
829 1223 921 1290 venio
944 1223 1000 1307 [ad
1013 1223 1084 1306 vos]
1100 1223 1282 1290 nuntiatum

607 1327 765 1410 Demipho
775 1328 793 1392 ’.

229 1448 338 1516 Verba
360 1449 422 1516 ‘ad
444 1449 517 1514 vos’
541 1452 653 1530 aperte
680 1448 748 1529 jam
775 1447 810 1512 in
837 1464 1003 1513 commuue
1024 1445 1232 1529 archetypum
1255 1446 1283 1509 A

142 1558 180 1620 et
201 1551 293 1631 libri,
316 1570 411 1635 quem
433 1551 514 1618 (loll.
537 1569 639 1630 corr,
661 1550 879 1631 irrepserant,
902 1566 973 1616 cum
994 1547 1070 1614 libri
1093 1547 1284 1630 Calliopiani

141 1655 336 1740 praebeant:

691 1758 805 1840 ‘idque
825 1758 868 1824 ad
889 1776 947 1825 ros
961 1759 1054 1825 renio
1076 1758 1280 1825 nunfiatum’.

229 1864 311 1930 Eun.
355 1864 414 1942 III,
436 1867 468 1941 4,
492 1868 510 1926 7
641 1863 670 1928 Α
692 1862 807 1944 ‘idque
829 1862 910 1930 adeo
932 1862 1032 1929 visam
1055 1863 1084 1929 si
1106 1862 1250 1929 domist'.

645 1963 668 2028 Γ
695 1963 766 2031 ‘ibo
789 1965 830 2032 ad
853 1984 926 2032 eum
946 1966 1050 2033 uisam
1071 1965 1100 2032 si
1122 1965 1270 2032 domist'.

230 2070 348 2137 Heaut.
371 2069 397 2151 Ι,
422 2073 451 2149 1,
476 2067 668 2152 121AD(B)
691 2068 766 2135 ‘lbo
788 2068 870 2135 adeo
892 2069 1075 2136 hincintro.
1121 2067 1185 2135 Sed
1207 2067 1284 2150 quid

139 2179 334 2269 crepuerunt
358 2172 485 2238 ioresl’
530 2172 620 2254 (Sine
642 2170 738 2239 dubio
770 2173 873 2238 errori
893 2170 1018 2238 librarii
1039 2170 1213 2238 tribuenda
1233 2178 1285 2238 est

141 2276 303 2358 scriptura
326 2276 388 2344 cod
402 2276 448 2343 A:
471 2274 851 2359 ADEONIKILINTRO,
874 2294 969 2358 quam
991 2292 1074 2342 corr.
1097 2293 1161 2342 rec.
1186 2278 1284 2357 corr.)

164 2369 167 2376 ’
557 2378 665 2446 POFE
688 2380 805 2446 ‘odeo'
838 2381 1030 2463 omiserunt,
1069 2381 1156 2462 quod
1182 2380 1283 2464 negli-

140 2484 252 2566 gentia
272 2501 337 2549 non
368 2483 488 2551 iactum
519 2502 592 2551 esse
621 2484 751 2551 ridetur
779 2485 894 2568 (oculis
925 2482 967 2551 ab
997 2483 1082 2550 ‘ibo’
1105 2484 1147 2551 ad
1170 2483 1283 2550 ‘adeo’

141 2584 402 2670 aberrantibus),
436 2605 510 2653 nam
533 2587 710 2671 calliopius
743 2588 827 2654 hunc
848 2607 975 2654 versum
1005 2606 1068 2653 non
1096 2594 1134 2654 ut
1155 2593 1283 2655 antece·

140 2689 255 2754 dentes
278 2688 363 2772 (cum
374 2689 416 2773 A)
441 2690 590 2773 jambice,
612 2691 671 2759 sed
689 2691 852 2758 trochaice
866 2690 946 2774 legit
961 2710 1025 2758 una
1040 2710 1112 2758 eum
1126 2694 1282 2774 sequenti,

139 2792 191 2872 qui
216 2793 249 2857 in
271 2794 300 2858 A
321 2792 431 2859 deest:

229 2891 312 2959 ‘l'bo
333 2896 408 2962 hino
429 2896 534 2962 intro:
561 2894 625 2962 sau
648 2896 723 2979 quin
748 2899 941 2980 crepuerunt
963 2897 1050 2965 iores
1072 2899 1145 2964 hinc
1167 2898 1188 2962 t
1209 2899 1282 2964 nuc?

230 2995 307 3073 Quis
329 3017 404 3065 nam
426 2999 631 3082 egrediturl’
676 2998 868 3085 (clausula.)

228 3100 281 3166 Sic
313 3102 397 3167 enim
426 3121 538 3170 versus
568 3103 602 3168 in
623 3103 675 3168 PF
705 3104 851 3170 distincti
884 3111 968 3171 eunt.
1013 3105 1191 3187 Propterea
1221 3123 1280 3188 ego

140 3218 267 3280 censeo,
289 3205 388 3269 etiam
404 3204 549 3272 hocloco
572 3206 697 3285 ‘adeo',
720 3206 805 3288 quod
820 3206 906 3290 D(B)
923 3204 1075 3273 exhibent
1090 3207 1135 3290 (G
1150 3205 1281 3291 deficit),

139 3306 174 3370 in
196 3305 220 3369 Δ
244 3304 443 3388 adscriptum
464 3307 574 3376 fuisse.
596 3343 641 3358 ·-

226 3407 304 3476 Pho.
327 3409 367 3489 V,
392 3414 422 3488 3,
445 3414 485 3477 23
507 3414 536 3477 A
559 3411 773 3496 ‘Oh.:Neque
783 3414 973 3497 intelleges?
994 3415 1044 3480 De
1057 3414 1091 3481 si
1103 3420 1139 3481 tu
1150 3415 1196 3481 nil
1206 3433 1280 3480 nar-

568 3516 644 3581 resi
675 3516 731 3583 Oh.
745 3516 869 3584 Perdis.
900 3517 959 3584 Na
991 3518 1093 3583 Miror
1102 3517 1181 3599 quid
1191 3519 1279 3584 siet'.

508 3614 1014 3704 ll...‘0h.Pergin?’...

504 3771 532 3835 u
557 3771 600 3854 (c
622 3773 701 3859 uer.)
726 3775 818 3841 ‘cns
842 3735 980 3859 parius.

226 3888 275 3955 Ab
287 3892 359 3973 ipso
372 3890 529 3975 calliopio
550 3901 709 3962 mutatum
731 3916 804 3964 esse
824 3899 1000 3981 persuadet
1014 3918 1095 3966 uuus
1110 3901 1209 3980 locus,
1224 3899 1280 3967 ubi

97 4039 100 4042 ι
136 3990 296 4077 perdendi
316 3993 450 4062 verbum
471 3998 505 4062 in
527 3998 624 4065 simili
650 4003 882 4070 sententiarum
900 4022 984 4070 nexu
1006 4010 1194 4087 usurpatum
1217 4010 1278 4084 est,

225 4111 345 4180 Heaut.
357 4113 415 4181 ΠΙ.
428 4122 458 4200 3,
475 4121 653 4206 212A‘sy.
693 4123 795 4191 Recte
806 4144 894 4193 sane.
940 4124 987 4192 01.
1001 4125 1090 4209 Syre,
1105 4126 1207 4208 pudet
1216 4143 1277 4191 me.

598 4226 650 4310 Sy.
691 4227 813 4295 Credo:
835 4249 939 4313 neque
960 4230 994 4297 id
1016 4231 1150 4313 injuria:
1179 4229 1256 4311 quin

399 4323 478 4390 Mihi
488 4328 698 4398 molestumst.
714 4330 762 4397 ci.
771 4333 835 4399 Per
849 4333 862 4419 ΙΙ
877 4332 1037 4402 ishercle‘
1048 4384 1054 4400 .
1066 4383 1089 4398 ..

996 4441 1014 4501 3
