2967 4650
694 239 733 300 35

145 415 254 477 tamen
286 409 346 477 hoc
383 410 488 494 magis
518 407 606 474 casui
636 407 762 473 cuidam
794 424 889 488 quam
918 406 1047 471 illorum
1068 404 1205 486 peritiae
1227 405 1286 471 tri-

147 513 307 580 buendum
330 520 389 580 est.
434 515 471 578 In
485 513 667 577 universum
681 512 766 577 tales
783 510 977 575 mutationes
989 509 1146 591 Galliopio
1161 507 1286 575 dandae

147 618 316 696 videntur,
347 618 397 682 ita
417 622 454 683 ut
476 616 561 682 haud
583 617 652 681 sine
684 634 783 681 causa
814 615 1030 696 suspicemur,
1064 614 1124 679 DG
1146 614 1187 680 iis
1208 613 1288 680 locis

147 740 219 786 cum
241 723 269 785 A
293 722 529 787 consentientes
551 719 592 786 ab
615 720 791 800 archetypo
815 717 838 780 Γ
860 717 1067 801 recessisc*).

234 824 465 907 Nonnunquam
486 825 547 890 hoc
569 843 609 888 ex
630 824 711 904 ipsis
732 822 841 888 verbis
864 827 1018 903 apparet:

234 927 295 992 Ad.
316 929 359 1008 11,
385 934 414 1008 1,
439 932 480 994 54
502 929 544 992 A:
568 928 648 993 ‘Sed
663 945 757 992 nemo
771 925 873 1006 dabit,
887 926 1011 992 frustra
1025 930 1153 1007 egomet
1167 944 1289 992 mecum

583 1030 643 1095 has
665 1029 808 1095 rationes
830 1034 908 1111 puto
920 1031 937 1095 '.

235 1135 420 1217 caliopius,
441 1154 482 1200 ne
495 1136 633 1201 lectores
651 1134 799 1199 insensu
815 1134 902 1199 vocis
919 1135 1063 1215 ‘putare’
1084 1133 1292 1208 offenderent,

148 1224 305 1320 ‘deputo’
338 1240 470 1321 scripsit
491 1245 524 1305 et
547 1240 589 1304 ad
620 1257 748 1305 versum
776 1239 1021 1304 sustentandum
1045 1239 1144 1305 ‘met’
1167 1238 1291 1304 omisit:

150 1340 235 1408 ‘Sed
256 1362 349 1409 nemo
373 1341 480 1409 dabit:
513 1343 636 1409 frustra
664 1362 723 1424 ego
752 1361 876 1408 mecum
898 1343 959 1408 has
980 1343 1124 1408 rationes
1147 1342 1265 1424 deputo
1275 1344 1292 1407 '.

149 1446 220 1530 (Π).
253 1447 290 1511 In
314 1447 338 1511 Δ
362 1448 459 1514 lectio
473 1449 501 1513 A
516 1449 736 1529 superscripta
757 1445 857 1512 fnisse
879 1445 1017 1526 videtur,
1040 1446 1124 1510 unde
1143 1444 1295 1512 librarius

151 1550 180 1616 G
202 1555 371 1633 utramque
393 1552 562 1618 lectionem
585 1551 712 1618 socians
734 1550 843 1616 dedit:
866 1548 1006 1616 ‘frustra
1028 1555 1155 1631 egomet
1171 1568 1295 1615 mecum

152 1704 158 1718 .
185 1705 191 1718 .
218 1650 399 1736 ..deputo
408 1655 426 1719 ⁹.

237 1758 397 1838 Pham,
423 1763 494 1838 3,2
583 1761 709 1826 A‘Cui
739 1761 846 1827 minus
879 1760 1029 1839 mihimet,
1064 1758 1149 1841 qnod
1183 1758 1236 1823 hic
1270 1757 1298 1823 si

650 1869 726 1945 pote
750 1863 867 1929 fuisset
889 1863 1082 1930 exorarier‘.

501 1966 608 2033 Punic
633 2016 640 2032 .
665 2017 672 2032 .
698 2018 704 2032 .
730 1968 799 2033 ‘hio
811 1968 839 2033 si
850 1968 1011 2049 potuisset
1023 1984 1106 2032 nunc
1118 1964 1298 2031 exorarier'

651 2072 690 2154 (Β
715 2071 835 2136 ‘nunc’
859 2071 949 2136 omis.
974 2070 1070 2153 err.);

153 2193 250 2256 quam
283 2174 477 2254 scripturam
510 2173 708 2249 confidenter
731 2174 888 2254 calliopio
923 2175 1144 2254 assignamus,
1178 2172 1232 2254 qui
1262 2176 1301 2236 ut

152 2276 289 2361 perfecti
313 2275 448 2343 formam
471 2279 564 2360 ‘pote
588 2277 722 2345 fuisset’
746 2277 894 2357 tolleret,
926 2276 1120 2359 ‘potuisset'
1145 2275 1235 2342 dedit
1263 2281 1297 2341 et

151 2399 265 2447 versus
293 2382 401 2464 gratia
423 2382 538 2447 ‘nunc'
568 2382 712 2447 inscruit.
758 2381 818 2447 DG
841 2399 913 2448 cnm
934 2382 963 2447 A
986 2380 1205 2460 consentiunt,
1228 2380 1298 2446 nisi

153 2486 238 2568 quod
267 2484 313 2550 D²
333 2485 503 2551 lectionem
524 2484 554 2550 Π
576 2486 705 2551 invexit.

238 2588 318 2655 Eun.
342 2588 397 2673 IV,
420 2593 451 2668 4,
477 2593 532 2653 17;
578 2590 607 2653 Α
631 2590 730 2655 ‘nunc
753 2588 814 2655 tibi
835 2589 964 2656 videtur
985 2589 1116 2655 foedus’
1140 2638 1148 2654 .
1174 2638 1182 2654 .
1209 2638 1215 2653 .
1241 2638 1253 2653 ..

439 2680 444 2687 ’
576 2691 604 2756 Π
630 2694 729 2759 ‘nunc
755 2712 792 2759 eo
814 2694 943 2760 videtur
966 2693 1107 2761 foedus'.

548 2798 605 2861 DF
628 2801 728 2864 ‘nuno
751 2817 791 2863 eo
812 2797 873 2863 tibi
895 2798 1024 2864 videtur
1045 2797 1188 2865 foedus'.

240 2898 279 2962 Id
299 2896 399 2978 igitur
412 2896 666 2979 Umpfenbachio
688 2900 902 2981 concedimus,
925 2900 985 2965 DG
1004 2903 1201 2965 retractatos
1216 2916 1298 2977 esse,

153 3020 256 3083 neque
281 3005 390 3067 tamen
412 3002 563 3068 eDonati
586 3009 775 3083 commenta,
799 3004 857 3070 sed
873 3024 912 3068 en
928 3004 1147 3085 manuscripto
1163 3004 1299 3070 alterius

153 3106 286 3186 classis,
310 3124 383 3172 nam
406 3126 504 3189 saepe
516 3108 663 3173 Donatus
685 3106 778 3173 libris
795 3107 1004 3189 Calliopianis
1028 3093 1298 3191 ,integrioribus“

153 3210 370 3292 adstipulatur
385 3215 442 3276 aut
464 3215 561 3292 tacet,
584 3209 641 3276 ubi
655 3211 716 3277 hos
732 3212 898 3293 archetypi
912 3210 936 3273 Γ
952 3211 1131 3292 scripturas
1144 3197 1298 3290 tenuisse,

151 3315 213 3381 DG
235 3314 403 3380 deflexisse
432 3320 578 3396 apparet.
624 3315 821 3398 Omninoque
846 3316 881 3381 id
907 3317 980 3399 J‘nre
1003 3321 1114 3381 tenere
1134 3312 1233 3381 nobis
1250 3316 1298 3380 vi-

153 3420 284 3499 demur,
319 3419 403 3500 quod
425 3437 524 3500 supra
553 3420 745 3499 statuimus,
778 3418 969 3503 ubicumque
991 3420 1052 3486 DG
1082 3425 1195 3485 contra
1213 3419 1296 3484 wrell.

154 3523 243 3589 Gali·
258 3541 330 3588 cum
351 3522 380 3586 A
401 3522 617 3602 consentiant,
642 3522 688 3588 ibi
710 3524 791 3588 nihil
814 3542 903 3608 esse,
927 3543 985 3591 cur
1006 3523 1051 3589 ad
1069 3524 1190 3589 Donati
1213 3541 1297 3589 com-

153 3633 297 3693 mentum
317 3631 461 3692 mutatos
484 3646 540 3693 eos
562 3646 636 3693 esse
657 3628 811 3695 dicamus.

238 3731 367 3797 Addere
389 3750 473 3798 nunc
496 3729 622 3797 demum
644 3733 731 3813 licet,
756 3733 841 3815 qnod
861 3733 929 3815 jam
949 3752 1048 3815 snpra
1063 3736 1193 3814 poterat
1212 3751 1297 3798 com-

83 3861 86 3865 <
153 3836 340 3918 memorari,
371 3836 469 3901 etiam
499 3855 538 3900 en
569 3836 617 3902 eis
640 3835 738 3916 locis,
770 3836 886 3919 quibus
908 3837 969 3902 DG
998 3855 1069 3902 cum
1091 3838 1218 3904 Donato
1242 3843 1299 3903 aut

154 3935 229 4001 aliis
251 3936 461 4018 scriptoribus
484 3937 674 4023 (Prisciano,
697 3939 822 4025 Servio)
847 3945 959 4007 contra
980 3940 1050 4006 rell.
1074 3958 1150 4006 mss.
1171 3941 1296 4023 conspi-

152 4052 460 4071 ’,Ν

146 4155 149 4158 ,
227 4107 255 4178 *)
273 4106 336 4161 Non
356 4112 573 4180 rectejudicavit
584 4114 642 4170 Leo
655 4132 682 4184 p.
695 4119 757 4186 347,
775 4117 862 4173 libros
881 4114 904 4170 Π
924 4132 1021 4171 nonam
1039 4117 1224 4173 recensionem
1241 4115 1296 4170 edi·

152 4198 237 4253 tionis
257 4195 446 4265 Galliopianae
464 4204 602 4260 exhibere.
638 4207 708 4262 Nam
727 4207 850 4262 dubitari
868 4222 923 4262 non
940 4212 1045 4275 potest,
1070 4207 1136 4273 quin
1154 4205 1190 4271 is,
1217 4219 1296 4271 quem

153 4286 211 4341 Leo
229 4292 272 4342 tot
290 4302 386 4343 versus
404 4289 464 4344 sinc
482 4295 563 4349 metri
582 4294 746 4360 detrimento
765 4295 914 4352 mutavisse
933 4301 1022 4365 putat,
1041 4294 1142 4348 multos
1160 4293 1223 4347 illos
1236 4307 1297 4348 ucr-

154 4390 201 4430 sus
221 4383 366 4446 corruptos
383 4377 412 4433 in
430 4374 453 4432 Γ
470 4389 644 4440 correcturus
663 4383 768 4456 fuerit.)

1013 4461 1057 4536 3*
