2967 4650
779 197 819 261 32

221 365 354 433 recedit
397 363 488 432 Inter
519 363 579 434 hos
611 365 700 433 locos
732 364 820 432 haud
854 364 950 449 pauci
980 365 1205 451 inveniuntur,
1245 368 1368 452 quibus

223 468 405 552 scripturae
439 467 468 534 ll
499 474 535 537 et
570 469 680 538 sensui
719 474 755 537 et
786 470 895 537 versui
928 471 1155 540 conuenientes
1187 491 1251 539 non
1282 476 1375 541 tales

224 577 318 656 sunt,
351 577 389 639 ut
411 590 451 638 ex
472 570 680 640 librariorum
700 572 842 659 ingeniis
864 578 956 640 ortae
976 574 1157 641 rideantur.
1202 576 1282 644 Cum
1300 577 1375 659 jam
1452 620 1453 633 .

224 675 299 741 inde
331 695 395 742 non
429 676 539 758 inepte
571 676 730 758 suspicari
762 678 879 759 boeot,
912 675 1030 743 bonam
1061 683 1188 760 partem
1217 696 1330 745 earum
1351 700 1375 747 a
1449 728 1451 781 ,

223 777 380 861 Calliopio
403 798 476 847 esse
498 779 696 864 proiectam,
729 785 799 847 tum
820 781 966 848 nonnulli
986 781 1051 847 loci
1071 787 1219 860 exstant,
1251 781 1373 865 quibus

222 881 364 948 dubitari
386 882 439 948 uix
459 888 586 966 potest,
609 885 685 966 quin
706 884 740 950 in
763 883 788 948 Δ
810 884 934 968 primae
955 902 1070 952 manus
1092 886 1273 968 scripturae
1296 905 1372 952 cum
1451 838 1454 979 Ι

221 985 499 1070 llconsenserint,
523 1006 581 1054 eae
603 993 721 1072 autem,
745 1007 826 1070 quas
838 988 900 1055 DG
920 986 984 1075 (vel
998 989 1170 1074 alteruter)
1187 996 1371 1074 praestant,
1446 1008 1449 1115 Ι

221 1109 262 1157 ex
287 1090 371 1159 libro
400 1092 536 1159 alterius
564 1092 692 1174 generis
724 1092 775 1176 (o)
804 1093 1047 1175 superscriptae
1075 1092 1205 1161 fuerint.
1249 1094 1370 1161 Heaut.

221 1194 288 1278 ΙΗ,
312 1199 350 1278 2,
372 1193 429 1263 ubi
452 1195 551 1278 Syrus
573 1214 686 1263 servus
708 1200 743 1263 et
765 1195 919 1264 Chremes
941 1215 1040 1264 senex
1061 1196 1103 1265 de
1124 1215 1214 1281 cena,
1237 1198 1289 1265 cui
1312 1217 1370 1265 an·

222 1300 387 1366 tecedenti
414 1318 549 1383 uespere
577 1299 810 1385 interfuerant,
844 1302 1085 1385 colloquuntur,
1116 1302 1146 1369 Α
1173 1321 1222 1368 rs.
1255 1307 1368 1385 11sq.

222 1404 304 1472 haec
326 1403 471 1472 exhibet:
574 1403 644 1488 ‘sp
666 1405 785 1472 Mulier
806 1405 973 1473 commoda
994 1411 1030 1473 et

308 1509 431 1576 Faceta
452 1509 532 1576 haec
554 1509 717 1577 meretrix.
741 1510 799 1576 (lh.
814 1509 909 1578 Sane.
934 1510 987 1595 Sy.
1004 1510 1097 1577 Idem
1117 1509 1188 1578 risa
1209 1509 1366 1578 esttibi?

313 1630 358 1696 Et
384 1629 515 1713 quidem
540 1630 651 1698 hercle
673 1630 777 1697 forma
798 1630 991 1698 luculenta‘.

310 1730 488 1801 POBNEG.
535 1735 605 1818 ‘Sp
628 1734 747 1802 Mulier
769 1735 937 1803 commoda
958 1740 994 1802 et

311 1838 434 1906 Faceta
453 1839 533 1906 haec
551 1844 603 1906 est
619 1839 784 1907 meretrix.
829 1839 887 1908 Oh.
899 1841 985 1908 Sane
1006 1839 1092 1906 idem
1113 1837 1186 1906 risa
1206 1842 1259 1905 est
1277 1835 1364 1903 mibi.

310 1942 363 2026 Sy.
407 1943 453 2009 Et
474 1942 770 2026 quidem’....‚

223 2043 456 2129 quibuscumD
480 2047 654 2129 conspirat,
677 2046 741 2112 nisi
756 2046 842 2128 quod
855 2045 889 2111 in
904 2044 1076 2114 verborum
1098 2051 1250 2114 contextu
1271 2044 1364 2112 ‘tibi’

222 2147 331 2234 habet,
355 2149 406 2217 cui
419 2149 490 2217 roci
506 2148 733 2234 (subpunctae)
751 2149 795 2215 θ’
811 2149 923 2216 ‘mihi’
939 2150 1178 2233 superscripsit.
1223 2150 1366 2233 Apparet

222 2254 257 2319 in
279 2254 304 2319 Δ
328 2253 441 2320 eadem
471 2253 573 2321 fuisse
607 2259 704 2337 atque
736 2254 771 2319 in
792 2253 840 2320 H:
872 2272 948 2319 nam
976 2259 1011 2321 et
1032 2255 1061 2320 D
1085 2262 1120 2322 et
1142 2254 1172 2321 G
1192 2254 1227 2320 in
1258 2251 1367 2320 verbis

221 2358 309 2424 inter
323 2377 479 2440 personas
494 2356 728 2425 distribuendis
744 2377 815 2425 cum
829 2358 860 2424 Π
875 2357 1008 2425 faciunt.
1052 2358 1138 2426 Illud
1153 2356 1243 2425 ‘tibi’
1260 2363 1366 2425 autem

220 2462 304 2528 ind
335 2463 530 2529 translatum
561 2460 714 2529 librarius
745 2463 881 2530 alterD
914 2464 1092 2546 assumpsit
1120 2462 1366 2546 donengium,
1438 2550 1440 2557 ἲ

221 2569 292 2631 tum
314 2566 412 2632 etiam
434 2584 647 2648 personarum
667 2571 764 2633 notas
785 2566 958 2633 mutandas
981 2585 1065 2634 esse.

309 2687 427 2754 Heaut.
450 2688 490 2767 V,
517 2693 544 2767 1,
568 2692 621 2754 59.
665 2688 828 2765 A‘Quod
862 2689 1141 2757 incommoditates
1173 2688 1207 2754 in
1238 2688 1300 2754 hac
1331 2706 1365 2753 re
1438 2685 1455 2740 ³:

220 2788 360 2872 accipies
392 2790 455 2856 nisi
470 2791 579 2857 caves’
603 2791 700 2876 (quae
721 2798 811 2858 recte
834 2792 876 2860 ab
891 2793 999 2877 Umpi.
1021 2799 1154 2878 recepta
1168 2797 1253 2872 sunt,
1275 2810 1366 2875 prae·

220 2893 381 2974 positione
410 2892 477 2958 ‘in‘
500 2893 632 2979 omissa)
1029 2981 1033 2988 Α

636 2996 696 3063 HG
717 2999 829 3076 ‘Quod
859 3000 1061 3066 incommoda
1090 2998 1151 3066 tibi
1180 2999 1215 3066 in
1243 2999 1305 3064 hac
1331 3018 1366 3064 re
1440 2990 1442 3018 ³

224 3099 334 3181 capies
355 3098 419 3165 nisi
435 3099 556 3180 caves',
580 3119 676 3182 quam
698 3103 893 3183 scripturam
914 3102 1112 3170 confidenter
1132 3102 1197 3186 ipsi
1212 3102 1365 3183 calliopio
1454 3133 1455 3138 κ

223 3201 404 3269 tribuimus.
449 3203 598 3270 Index
627 3205 847 3287 manuscripto
880 3207 1016 3273 alterius
1047 3206 1176 3290 generis
1203 3205 1363 3284 adscripta

223 3306 326 3373 inisse
346 3306 476 3373 videtur
496 3326 557 3374 rex
579 3309 889 3391 incommoditates,
913 3330 1008 3394 quam
1033 3310 1186 3378 librarius
1209 3310 1239 3374 D
1259 3310 1290 3373 in
1310 3324 1360 3370 re·
1441 3341 1443 3396 q

227 3462 373 3545 cipiendo
395 3464 465 3546 ipse
477 3482 632 3546 spernens
644 3466 788 3548 scripsit:
812 3424 1046 3566 ‘incommodi-‘t‘
1071 3465 1148 3551 (nisi
1166 3462 1264 3532 mauis
1287 3461 1363 3527 sim·
1442 3438 1445 3584 v

224 3566 341 3649 plicem
364 3565 526 3634 scribendi
548 3587 691 3652 errorem
714 3571 886 3653 statuere.)

311 3686 404 3754 Addo
435 3689 605 3757 nonnullos
627 3691 733 3772 locos,
768 3694 808 3759 de
840 3692 956 3775 quibus
987 3694 1073 3760 idem
1100 3692 1256 3775 judicium
1286 3688 1367 3755 facio
1454 3749 1455 3752 ,

226 3792 354 3858 collatis
387 3793 480 3872 aliis,
513 3793 569 3868 ubi
600 3813 709 3863 omnes
741 3798 817 3863 libri
845 3799 1037 3881 Calliopiani
1070 3796 1239 3865 contrad
1270 3799 1369 3864 stant

224 3892 305 3960 Pho.
327 3895 383 3974 IV,
407 3900 437 3976 1,
461 3900 502 3963 23
525 3897 598 3963 edd.
622 3917 694 3966 cum
716 3902 817 3970 Prisc.
842 3902 937 3968 dant:

365 3999 495 4082 ‘Neque
517 4001 693 4071 defetiscar
716 4007 923 4089 usqueadeo
946 4005 1149 4088 experirier'.

312 4104 342 4168 Α
366 4104 494 4186 ‘Neque
517 4106 600 4172 adeo
622 4108 787 4182 defitiscar
808 4129 958 4194 umquam
980 4109 1174 4191 experirier’

313 4207 341 4272 ll
364 4208 493 4291 ‘Neque
516 4210 691 4280 defetiscar
712 4234 863 4298 umquam
885 4234 947 4301 ego
970 4213 1162 4297 experirier'

311 4313 341 4379 G
364 4312 493 4395 ‘Neque
517 4313 695 4386 defeciscar
715 4328 837 4403 umqua
859 4320 940 4388 adeo
963 4313 1153 4401 experirier'
