2967 4650
748 173 767 231 8

184 350 295 428 putat,
325 345 359 409 in
386 343 446 409 hoc
479 337 562 407 libro
594 357 634 405 ex
655 355 751 407 11111
772 338 828 417 IV,
852 343 882 419 5,
908 343 946 404 16
970 337 1022 423 (‘a
1059 341 1088 408 11
1109 343 1205 424 11111,
1228 363 1323 427 quam

185 449 266 516 scite
288 448 322 513 in
342 452 482 513 montem
503 442 740 527 venerit')·illa
761 441 860 509 verba
881 443 1070 510 inalterum
1082 464 1209 513 versum
1230 449 1324 516 illata

184 571 268 632 1111,
290 570 354 617 non
375 553 464 617 11111
483 542 642 632 judicarit
662 563 735 617 mea
757 546 937 612 sententia:
960 547 1055 613 immo
1071 550 1146 630 quia
1156 547 1202 617 ibi
1224 551 1323 635 Syrus

185 655 349 722 Chremeti
370 654 468 720 dixit:
492 652 545 719 ‘at
566 651 595 718 si
616 651 711 730 scias,
734 667 830 731 quam
851 650 933 716 scite
955 651 989 716 in
1008 656 1149 719 mentem
1169 657 1323 738 venerit’,

183 760 355 842 postquam
367 762 494 840 partem
510 756 638 822 demum
655 753 858 820 fallaciarum
875 756 1032 837 exposuit,
1056 758 1176 839 optime
1185 762 1323 842 repetit:

185 867 239 929 ‘at
259 861 289 929 si
308 862 412 928 scias'
436 911 443 926 .
469 909 476 925 .
502 909 508 925 .
534 909 541 924 .
565 859 633 926 scil.
658 874 740 939 quae
762 862 933 939 praeterea
954 857 1108 926 finxerim.

270 965 358 1032 Satis
380 964 461 1030 scite
484 961 662 1044 calliopius
682 962 820 1028 mutavit
841 960 919 1027 Hec.
942 961 1001 1041 ΠΙ,
1027 968 1055 1042 1,
1078 967 1130 1043 40,
1153 963 1208 1030 ubi
1230 965 1323 1032 Pam·

184 1068 291 1150 philus
314 1087 353 1133 11
374 1067 491 1133 itinere
512 1065 642 1132 rediens
664 1082 734 1131 cum
753 1063 952 1130 Parmenone
974 1065 1015 1131 de
1037 1066 1096 1146 ira,
1121 1084 1202 1148 qnae
1223 1069 1323 1135 inter·

184 1175 329 1239 cesserat
350 1171 436 1236 inter
456 1175 594 1236 matrem
616 1172 650 1234 et
660 1185 802 1247 uxorem,
825 1168 985 1249 loquitur;
1007 1170 1175 1252 suspicans
1197 1190 1324 1240 servum

186 1293 316 1343 causam
337 1273 576 1339 inimicitiarum
598 1271 725 1339 novisse
748 1271 794 1338 sic
818 1270 897 1337 dicit
919 1273 979 1358 (11.
1003 1274 1075 1357 4011

270 1377 455 1443 A‘Nescio
485 1375 570 1459 quod
607 1393 756 1459 magnum
789 1375 910 1443 malum
927 1370 1125 1459 prospecto:
1157 1378 1325 1461 Parmeno,

183 1499 235 1547 me
257 1480 372 1547 celas'.

271 1582 447 1665 Calliopius
469 1585 536 1651 sive
561 1588 697 1666 propter
718 1583 875 1649 rariorem
896 1583 984 1650 vocis
1006 1586 1209 1667 ‘prospecto'
1233 1604 1326 1652 usum

184 1687 281 1770 (quae
304 1686 368 1753 alio
400 1688 471 1753 loco
503 1687 770 1754 Terentianarum
800 1686 981 1754 fabularum
1010 1706 1075 1754 non
1104 1689 1225 1773 exstat)
1258 1690 1326 1756 1111

182 1808 262 1870 rem,
285 1788 327 1855 de
349 1808 412 1871 qua
434 1789 621 1871 Pamphilus
650 1809 686 1858 se
717 1791 818 1857 celari
848 1790 941 1871 dicit,
975 1792 1010 1857 in
1038 1793 1218 1860 elocutione
1240 1794 1325 1860 desi-

184 1894 311 1972 derans,
334 1910 393 1973 pro
415 1893 621 1975 ‘prospecto’
645 1893 735 1959 dedit
758 1893 951 1975 ‘profecto',
978 1900 1149 1978 utrumque
1170 1897 1270 1978 illud,
1293 1899 1326 1964 in

184 2015 246 2079 quo
269 2015 309 2061 ne
332 1994 485 2062 offensuri
508 2002 618 2063 essent
638 1997 778 2063 lectores
800 1995 946 2078 timebat,
969 1997 1096 2066 tollens.
1142 1998 1327 2067 Sinedubio

182 2100 241 2166 illa
263 2097 425 2179 scriptura
445 2097 646 2181 Callippiana
675 2100 793 2165 nemini
824 2100 1038 2182 suspicionem
1066 2108 1212 2169 moveret
1231 2105 1326 2171 Bem-

182 2202 258 2269 bino
281 2223 345 2270 non
368 2201 497 2271 collato.

269 2306 330 2374 His
351 2307 476 2376 duobus
497 2306 644 2375 versibus
671 2307 810 2391 adjungo
839 2308 971 2375 tertium
993 2307 1137 2392 grauiter
1157 2315 1326 2393 mutatum,

183 2408 239 2477 uhi
261 2429 375 2479 rursus
395 2412 580 2494 Bentlejus,
608 2427 744 2494 magnus
774 2412 918 2479 Terentii
940 2413 1128 2495 sospitator,
1152 2414 1326 2498 Galliopia·

184 2534 298 2582 norum
327 2517 617 2599 manuscriptorum
648 2517 842 2598 scripturam
884 2516 1044 2599 defendit,
1078 2536 1173 2599 quam
1209 2520 1273 2585 nisi
1293 2520 1328 2585 in

184 2618 279 2685 libris
301 2620 368 2686 suis
398 2618 582 2699 habuisset,
614 2621 688 2710 ipse,
713 2617 854 2685 fortasse
886 2620 1086 2701 conjecisset.
1131 2620 1191 2685 Ad.
1214 2621 1272 2700 III,
1296 2627 1326 2700 3,

186 2722 243 2790 ubi
266 2722 366 2806 Syrus
387 2729 463 2791 ante
486 2723 584 2790 aedes
594 2723 742 2789 Minionis
754 2724 909 2789 Demeam
930 2723 1044 2789 ludens
1056 2725 1218 2790 conservis
1241 2725 1327 2791 domi

188 2846 299 2894 cenam
315 2826 689 2910 parantibuspraccspta
712 2827 779 2907 dat,
801 2827 920 2894 Ahaec
937 2825 1082 2893 exhibet:
1106 2828 1166 2910 (11.
1190 2832 1231 2893 23
1243 2830 1328 2911 sqq.)

272 2930 452 3014 ‘Gongrum
473 2932 572 2998 istum
593 2931 768 2997 maximum
789 2930 822 2994 in
844 2949 929 3011 aqua
950 2931 1046 2997 sinito
1068 2931 1180 2998 ludere

274 3034 462 3116 Tantisper:
485 3032 541 3100 nbi
564 3052 622 3116 ego
645 3034 783 3113 rediero,
807 3032 1027 3099 exossabitur:

275 3137 370 3205 Prius
391 3138 492 3203 nolo’.
517 3189 524 3202 .
550 3188 556 3202 .
582 3189 589 3202 .

276 3240 356 3306 Oall.
366 3239 442 3306 libri
453 3260 512 3323 pro
535 3241 727 3323 ‘tantisper’
752 3276 791 3288 -
818 3239 1015 3322 ‘paulisper’
1039 3244 1141 3321 etpro
1166 3240 1328 3305 ‘rediero’

191 3379 232 3391 -
268 3344 415 3410 ‘venero’
449 3342 609 3410 exhibent.
655 3343 698 3430 (G
729 3343 926 3422 ‘revenero’,
958 3361 1087 3408 versum
1119 3343 1330 3424 pessumdans

191 3446 326 3513 fortuito
355 3447 397 3513 de
439 3448 602 3515 sententia
622 3446 778 3514 Bembino
818 3446 1056 3529 adstipulans).
1101 3446 1172 3512 Hoc
1199 3445 1332 3512 verbum

190 3550 359 3632 Bentlejus
390 3551 516 3632 recepit
548 3548 720 3634 (probante
743 3548 856 3632 Sydon
878 3567 909 3629 p.
934 3548 1009 3631 60),
1044 3548 1119 3630 quia
1143 3548 1241 3630 Syrus
1268 3567 1332 3614 non

192 3650 338 3720 abiturus
369 3672 404 3720 se
438 3653 618 3722 rediturum
651 3671 724 3720 esse
754 3652 861 3720 dicere
889 3670 953 3717 non
981 3657 1109 3733 posset:
1141 3656 1176 3717 at
1198 3650 1277 3715 nihil
1299 3654 1332 3717 in

192 3775 277 3821 nexu
305 3776 413 3824 rerum
436 3757 565 3842 obstat,
587 3777 628 3823 ne
651 3775 723 3823 eum
749 3776 820 3824 cum
842 3756 964 3821 Demea
985 3753 1169 3836 loquentem
1190 3755 1334 3836 paullum

194 3857 301 3925 abisse
320 3866 470 3941 putemus
481 3860 517 3945 ¹).
562 3862 626 3929 Sed
655 3861 784 3927 etiamsi
815 3860 877 3926 hac
898 3859 932 3924 in
952 3877 989 3925 re
1011 3876 1082 3923 oum
1106 3857 1263 3940 Galliopio
1285 3857 1333 3925 fa·

195 3981 268 4028 1111
290 3965 385 4049 11111,
406 3967 477 4032 1111
500 3963 596 4033 dubio
618 3971 707 4033 recte
729 3984 766 4031 se
787 3963 887 4030 habet
908 3964 942 4029 11
963 3960 1118 4028 Bembino
1138 3961 1219 4028 illud
1243 3965 1332 4028 ‘tan-

270 4191 296 4260 l)
316 4191 464 4248 Praeterea
482 4192 607 4250 Dzatzho
626 4195 655 4248 in
678 4193 799 4247 editione
824 4189 1012 4258 Adelphorum
1037 4188 1162 4246 adhunc
1180 4185 1269 4240 locum
1288 4184 1336 4239 ad·

196 4275 274 4333 notat
293 4278 409 4336 ‘redire'
428 4281 537 4337 omnino
556 4280 711 4351 significare
730 4279 852 4336 ‘domum
870 4276 986 4332 venhe’.
